@ARTICLE{mcquillan2014,
   author = {{McQuillan}, A. and {Mazeh}, T. and {Aigrain}, S.},
    title = "{Rotation Periods of 34,030 Kepler Main-sequence Stars: The Full Autocorrelation Sample}",
  journal = {\apjs},
archivePrefix = "arXiv",
   eprint = {1402.5694},
 primaryClass = "astro-ph.SR",
 keywords = {catalogs, methods: data analysis, methods: observational, stars: activity, stars: low-mass, stars: rotation, techniques: photometric},
     year = 2014,
    month = apr,
   volume = 211,
      eid = {24},
    pages = {24},
      doi = {10.1088/0067-0049/211/2/24},
   adsurl = {http://adsabs.harvard.edu/abs/2014ApJS..211...24M},
  adsnote = {Provided by the SAO/NASA Astrophysics Data System}
}

@ARTICLE{bailer-jones2018,
       author = {{Bailer-Jones}, C.~A.~L. and {Rybizki}, J. and {Fouesneau {\it et al}}, M.},
        title = "{Estimating Distance from Parallaxes. IV. Distances to 1.33 Billion Stars in Gaia Data Release 2}",
      journal = {\aj},
     keywords = {catalogs, Galaxy: structure, methods: statistical, stars: distances, Astrophysics - Solar and Stellar Astrophysics, Astrophysics - Astrophysics of Galaxies, Astrophysics - Instrumentation and Methods for Astrophysics},
         year = "2018",
        month = "Aug",
       volume = {156},
       number = {2},
          eid = {58},
        pages = {58},
          doi = {10.3847/1538-3881/aacb21},
archivePrefix = {arXiv},
       eprint = {1804.10121},
 primaryClass = {astro-ph.SR},
       adsurl = {https://ui.adsabs.harvard.edu/abs/2018AJ....156...58B},
      adsnote = {Provided by the SAO/NASA Astrophysics Data System}
}

@ARTICLE{bailer-jones2021,
       author = {{Bailer-Jones}, C.~A.~L. and {Rybizki}, J. and {Fouesneau}, M. and {Demleitner}, M. and {Andrae}, R.},
        title = "{Estimating Distances from Parallaxes. V. Geometric and Photogeometric Distances to 1.47 Billion Stars in Gaia Early Data Release 3}",
      journal = {\aj},
     keywords = {Catalogs, Galaxy structure, Bayesian statistics, Parallax, Stellar parallax, Photometric parallax, Distance indicators, Astrometry, Markov chain Monte Carlo, Absolute magnitude, 205, 622, 1900, 1197, 1618, 1231, 394, 80, 1889, 10, Astrophysics - Solar and Stellar Astrophysics, Astrophysics - Astrophysics of Galaxies},
         year = 2021,
        month = mar,
       volume = {161},
       number = {3},
          eid = {147},
        pages = {147},
          doi = {10.3847/1538-3881/abd806},
archivePrefix = {arXiv},
       eprint = {2012.05220},
 primaryClass = {astro-ph.SR},
       adsurl = {https://ui.adsabs.harvard.edu/abs/2021AJ....161..147B},
      adsnote = {Provided by the SAO/NASA Astrophysics Data System}
}


@ARTICLE{sellwood2014,
       author = {{Sellwood}, J.~A.},
        title = "{Secular evolution in disk galaxies}",
      journal = {Reviews of Modern Physics},
     keywords = {98.52.-b, Normal galaxies, extragalactic objects and systems, Astrophysics - Astrophysics of Galaxies, Astrophysics - Cosmology and Nongalactic Astrophysics},
         year = "2014",
        month = "Jan",
       volume = {86},
       number = {1},
        pages = {1-46},
          doi = {10.1103/RevModPhys.86.1},
archivePrefix = {arXiv},
       eprint = {1310.0403},
 primaryClass = {astro-ph.GA},
       adsurl = {https://ui.adsabs.harvard.edu/abs/2014RvMP...86....1S},
      adsnote = {Provided by the SAO/NASA Astrophysics Data System}
}

@ARTICLE{beane2018,
       author = {{Beane}, Angus and {Ness}, Melissa K. and {Bedell}, Megan},
        title = "{Actions Are Weak Stellar Age Indicators in the Milky Way Disk}",
      journal = {\apj},
     keywords = {Galaxy: evolution, Galaxy: kinematics and dynamics, solar neighborhood, stars: kinematics and dynamics, Astrophysics - Solar and Stellar Astrophysics, Astrophysics - Astrophysics of Galaxies},
         year = "2018",
        month = "Nov",
       volume = {867},
       number = {1},
          eid = {31},
        pages = {31},
          doi = {10.3847/1538-4357/aae07f},
archivePrefix = {arXiv},
       eprint = {1807.05986},
 primaryClass = {astro-ph.SR},
       adsurl = {https://ui.adsabs.harvard.edu/abs/2018ApJ...867...31B},
      adsnote = {Provided by the SAO/NASA Astrophysics Data System}
}


@ARTICLE{2013MNRAS.432.1203M,
       author = {{McQuillan}, A. and {Aigrain}, S. and {Mazeh}, T.},
        title = "{Measuring the rotation period distribution of field M dwarfs with Kepler}",
      journal = {\mnras},
     keywords = {methods: data analysis, stars: evolution, stars: low-mass, stars: magnetic field, stars: rotation, Astrophysics - Solar and Stellar Astrophysics},
         year = "2013",
        month = "Jun",
       volume = {432},
       number = {2},
        pages = {1203-1216},
          doi = {10.1093/mnras/stt536},
archivePrefix = {arXiv},
       eprint = {1303.6787},
 primaryClass = {astro-ph.SR},
       adsurl = {https://ui.adsabs.harvard.edu/abs/2013MNRAS.432.1203M},
      adsnote = {Provided by the SAO/NASA Astrophysics Data System}
}

@ARTICLE{koen2018,
       author = {{Koen}, Chris},
        title = "{Modelling the rotation period distribution of M dwarfs in the Kepler field}",
      journal = {\apss},
     keywords = {Methods: statistical, Stars: rotation, Stars: statistics, Stars: starspots},
         year = "2018",
        month = "Jan",
       volume = {363},
       number = {1},
          eid = {11},
        pages = {11},
          doi = {10.1007/s10509-017-3225-6},
       adsurl = {https://ui.adsabs.harvard.edu/abs/2018Ap&SS.363...11K},
      adsnote = {Provided by the SAO/NASA Astrophysics Data System}
}

@ARTICLE{stardate,
       author = {{Angus}, R. and {Morton}, T., D. and {Foreman-Mackey}, D.},
        title = "{stardate: combining dating methods for better stellar ages}",
      journal = {\joss},
      doi = {10.5281/zenodo.2712419}
}

@ARTICLE{ting2019,
       author = {{Ting}, Yuan-Sen and {Rix}, Hans-Walter},
        title = "{The Vertical Motion History of Disk Stars throughout the Galaxy}",
      journal = {\apj},
     keywords = {Galaxy: disk, Galaxy: evolution, Galaxy: kinematics and dynamics, Galaxy: structure, methods: data analysis, methods: statistical, Astrophysics - Astrophysics of Galaxies},
         year = "2019",
        month = "Jun",
       volume = {878},
       number = {1},
          eid = {21},
        pages = {21},
          doi = {10.3847/1538-4357/ab1ea5},
archivePrefix = {arXiv},
       eprint = {1808.03278},
 primaryClass = {astro-ph.GA},
       adsurl = {https://ui.adsabs.harvard.edu/abs/2019ApJ...878...21T},
      adsnote = {Provided by the SAO/NASA Astrophysics Data System}
}


@ARTICLE{vansaders2019,
       author = {{van Saders}, Jennifer L. and {Pinsonneault}, Marc H. and
         {Barbieri}, Mauro},
        title = "{Forward Modeling of the Kepler Stellar Rotation Period Distribution: Interpreting Periods from Mixed and Biased Stellar Populations}",
      journal = {\apj},
     keywords = {stars: evolution, stars: fundamental parameters, stars: magnetic field, stars: rotation, stars: solar-type, Astrophysics - Solar and Stellar Astrophysics},
         year = "2019",
        month = "Feb",
       volume = {872},
       number = {2},
          eid = {128},
        pages = {128},
          doi = {10.3847/1538-4357/aafafe},
archivePrefix = {arXiv},
       eprint = {1803.04971},
 primaryClass = {astro-ph.SR},
       adsurl = {https://ui.adsabs.harvard.edu/abs/2019ApJ...872..128V},
      adsnote = {Provided by the SAO/NASA Astrophysics Data System}
}

@ARTICLE{simonian2019,
       author = {{Simonian}, Gregory V.~A. and {Pinsonneault}, Marc H. and
         {Terndrup}, Donald M.},
        title = "{Rapid Rotation in the Kepler Field: Not a Single Star Phenomenon}",
      journal = {\apj},
     keywords = {binaries: close, stars: late-type, stars: rotation, Astrophysics - Solar and Stellar Astrophysics},
         year = "2019",
        month = "Feb",
       volume = {871},
       number = {2},
          eid = {174},
        pages = {174},
          doi = {10.3847/1538-4357/aaf97c},
archivePrefix = {arXiv},
       eprint = {1809.02141},
 primaryClass = {astro-ph.SR},
       adsurl = {https://ui.adsabs.harvard.edu/abs/2019ApJ...871..174S},
      adsnote = {Provided by the SAO/NASA Astrophysics Data System}
}

@ARTICLE{curtis2019,
   author = {{Curtis}, J.~L. and {Ag{\"u}eros}, M.~A. and {Douglas {\it et al}}, S.},
    title = "{A Temporary Epoch of Stalled Spin-Down for Low-Mass Stars: Insights from NGC 6811 with Gaia and Kepler}",
  journal = {arXiv e-prints},
archivePrefix = "arXiv",
   eprint = {1905.06869},
 primaryClass = "astro-ph.SR",
 keywords = {Astrophysics - Solar and Stellar Astrophysics},
     year = 2019,
    month = may,
   adsurl = {https://ui.adsabs.harvard.edu/abs/2019arXiv190506869C},
  adsnote = {Provided by the SAO/NASA Astrophysics Data System}
}

@ARTICLE{curtis2020,
       author = {{Curtis}, Jason Lee and {Ag{\"u}eros}, Marcel A. and {Matt}, Sean P. and {Covey}, Kevin R. and {Douglas}, Stephanie T. and {Angus}, Ruth and {Saar}, Steven H. and {Cody}, Ann Marie and {Vanderburg}, Andrew and {Law}, Nicholas M. and {Kraus}, Adam L. and {Latham}, David W. and {Baranec}, Christoph and {Riddle}, Reed and {Ziegler}, Carl and {Lund}, Mikkel N. and {Torres}, Guillermo and {Meibom}, S{\o}ren and {Aguirre}, Victor Silva and {Wright}, Jason T.},
        title = "{When Do Stalled Stars Resume Spinning Down? Advancing Gyrochronology with Ruprecht 147}",
      journal = {\apj},
     keywords = {Open star clusters, Stellar evolution, Stellar ages, Stellar rotation, 1160, 1599, 1581, 1629, Astrophysics - Solar and Stellar Astrophysics, Astrophysics - Earth and Planetary Astrophysics, Astrophysics - Astrophysics of Galaxies},
         year = 2020,
        month = dec,
       volume = {904},
       number = {2},
          eid = {140},
        pages = {140},
          doi = {10.3847/1538-4357/abbf58},
archivePrefix = {arXiv},
       eprint = {2010.02272},
 primaryClass = {astro-ph.SR},
       adsurl = {https://ui.adsabs.harvard.edu/abs/2020ApJ...904..140C},
      adsnote = {Provided by the SAO/NASA Astrophysics Data System}
}

@ARTICLE{endal1981,
       author = {{Endal}, A.~S. and {Sofia}, S.},
        title = "{Rotation in solar-type stars. I - Evolutionary models for the spin-down of the sun}",
      journal = {\apj},
     keywords = {Main Sequence Stars, Solar Rotation, Stellar Evolution, Stellar Models, Stellar Rotation, Abundance, Angular Momentum, Convective Flow, Radiative Transfer, Solar Wind, Stellar Structure, Solar Physics},
         year = 1981,
        month = jan,
       volume = {243},
        pages = {625-640},
          doi = {10.1086/158628},
       adsurl = {https://ui.adsabs.harvard.edu/abs/1981ApJ...243..625E},
      adsnote = {Provided by the SAO/NASA Astrophysics Data System}
}

@ARTICLE{oglethorpe2013,
       author = {{Oglethorpe}, R.~L.~F. and {Garaud}, P.},
        title = "{Spin-down Dynamics of Magnetized Solar-type Stars}",
      journal = {\apj},
     keywords = {magnetohydrodynamics: MHD, Sun: interior, Sun: magnetic fields, Sun: rotation, Astrophysics - Solar and Stellar Astrophysics},
         year = 2013,
        month = dec,
       volume = {778},
       number = {2},
          eid = {166},
        pages = {166},
          doi = {10.1088/0004-637X/778/2/166},
archivePrefix = {arXiv},
       eprint = {1401.0932},
 primaryClass = {astro-ph.SR},
       adsurl = {https://ui.adsabs.harvard.edu/abs/2013ApJ...778..166O},
      adsnote = {Provided by the SAO/NASA Astrophysics Data System}
}


@ARTICLE{brun2011,
       author = {{Brun}, Allan Sacha and {Miesch}, Mark S. and {Toomre}, Juri},
        title = "{Modeling the Dynamical Coupling of Solar Convection with the Radiative Interior}",
      journal = {\apj},
     keywords = {convection, Sun: interior, Sun: oscillations, Sun: rotation, turbulence, waves},
         year = 2011,
        month = dec,
       volume = {742},
       number = {2},
          eid = {79},
        pages = {79},
          doi = {10.1088/0004-637X/742/2/79},
       adsurl = {https://ui.adsabs.harvard.edu/abs/2011ApJ...742...79B},
      adsnote = {Provided by the SAO/NASA Astrophysics Data System}
}


@ARTICLE{spada2010,
       author = {{Spada}, F. and {Lanzafame}, A.~C. and {Lanza}, A.~F.},
        title = "{A semi-analytic approach to angular momentum transport in stellar radiative interiors}",
      journal = {\mnras},
     keywords = {MHD, methods: analytical, methods: numerical, stars: late-type, stars: magnetic fields, stars: rotation},
         year = 2010,
        month = may,
       volume = {404},
       number = {2},
        pages = {641-660},
          doi = {10.1111/j.1365-2966.2010.16325.x},
       adsurl = {https://ui.adsabs.harvard.edu/abs/2010MNRAS.404..641S},
      adsnote = {Provided by the SAO/NASA Astrophysics Data System}
}


@ARTICLE{talon2003,
       author = {{Talon}, S. and {Charbonnel}, C.},
        title = "{Angular momentum transport by internal gravity waves. I - Pop I main sequence stars}",
      journal = {\aap},
     keywords = {hydrodynamics, stars: interiors, stars: late-type, stars: rotation, turbulence, stars: abundances, Astrophysics},
         year = 2003,
        month = jul,
       volume = {405},
        pages = {1025-1032},
          doi = {10.1051/0004-6361:20030672},
archivePrefix = {arXiv},
       eprint = {astro-ph/0305151},
 primaryClass = {astro-ph},
       adsurl = {https://ui.adsabs.harvard.edu/abs/2003A&A...405.1025T},
      adsnote = {Provided by the SAO/NASA Astrophysics Data System}
}


@ARTICLE{spruit2002,
       author = {{Spruit}, H.~C.},
        title = "{Dynamo action by differential rotation in a stably stratified stellar interior}",
      journal = {\aap},
     keywords = {MAGNETOHYDRODYNAMICS (MHD), STARS: MAGNETIC FIELDS, INSTABILITIES, Astrophysics},
         year = 2002,
        month = jan,
       volume = {381},
        pages = {923-932},
          doi = {10.1051/0004-6361:20011465},
archivePrefix = {arXiv},
       eprint = {astro-ph/0108207},
 primaryClass = {astro-ph},
       adsurl = {https://ui.adsabs.harvard.edu/abs/2002A&A...381..923S},
      adsnote = {Provided by the SAO/NASA Astrophysics Data System}
}


@ARTICLE{ruediger1996,
       author = {{Ruediger}, G. and {Kitchatinov}, L.~L.},
        title = "{The Internal Solar Rotation in Its Spin-down History}",
      journal = {\apj},
     keywords = {SUN: INTERIOR, SUN: MAGNETIC FIELDS, SUN: ROTATION},
         year = 1996,
        month = aug,
       volume = {466},
        pages = {1078},
          doi = {10.1086/177577},
       adsurl = {https://ui.adsabs.harvard.edu/abs/1996ApJ...466.1078R},
      adsnote = {Provided by the SAO/NASA Astrophysics Data System}
}


@ARTICLE{charbonneau1993,
       author = {{Charbonneau}, P. and {MacGregor}, K.~B.},
        title = "{Angular Momentum Transport in Magnetized Stellar Radiative Zones. II. The Solar Spin-down}",
      journal = {\apj},
     keywords = {MAGNETOHYDRODYNAMICS: MHD, STARS: INTERIORS, STARS: MAGNETIC FIELDS, STARS: ROTATION, SUN: INTERIOR},
         year = 1993,
        month = nov,
       volume = {417},
        pages = {762},
          doi = {10.1086/173357},
       adsurl = {https://ui.adsabs.harvard.edu/abs/1993ApJ...417..762C},
      adsnote = {Provided by the SAO/NASA Astrophysics Data System}
}


@ARTICLE{somers2016,
       author = {{Somers}, Garrett and {Pinsonneault}, Marc H.},
        title = "{Lithium Depletion is a Strong Test of Core-envelope Recoupling}",
      journal = {\apj},
     keywords = {stars: abundances, stars: rotation, stars: solar-type, Astrophysics - Solar and Stellar Astrophysics},
         year = 2016,
        month = sep,
       volume = {829},
       number = {1},
          eid = {32},
        pages = {32},
          doi = {10.3847/0004-637X/829/1/32},
archivePrefix = {arXiv},
       eprint = {1606.00004},
 primaryClass = {astro-ph.SR},
       adsurl = {https://ui.adsabs.harvard.edu/abs/2016ApJ...829...32S},
      adsnote = {Provided by the SAO/NASA Astrophysics Data System}
}


@ARTICLE{holmberg2009,
   author = {{Holmberg}, J. and {Nordstr{\"o}m}, B. and {Andersen}, J.},
    title = "{The Geneva-Copenhagen survey of the solar neighbourhood. III. Improved distances, ages, and kinematics}",
  journal = {\aap},
archivePrefix = "arXiv",
   eprint = {0811.3982},
 keywords = {solar neighborhood, Galaxy: disk, Galaxy: stellar, content, Galaxy: kinematics and dynamics, Galaxy: evolution, stars: fundamental parameters},
     year = 2009,
    month = jul,
   volume = 501,
    pages = {941-947},
      doi = {10.1051/0004-6361/200811191},
   adsurl = {https://ui.adsabs.harvard.edu/abs/2009A%26A...501..941H},
  adsnote = {Provided by the SAO/NASA Astrophysics Data System}
}

@ARTICLE{nordstrom2004,
   author = {{Nordstr{\"o}m}, B. and {Mayor}, M. and {Andersen {\it et al}}, J.},
    title = "{The Geneva-Copenhagen survey of the Solar neighbourhood. Ages, metallicities, and kinematic properties of 14 000 F and G dwarfs}",
  journal = {\aap},
   eprint = {astro-ph/0405198},
 keywords = {Galaxy: disk, Galaxy: solar neighbourhood, Galaxy: stellar content, Galaxy: kinematics and dynamics, Galaxy: evolution, stars: fundamental parameters},
     year = 2004,
    month = may,
   volume = 418,
    pages = {989-1019},
      doi = {10.1051/0004-6361:20035959},
   adsurl = {https://ui.adsabs.harvard.edu/abs/2004A%26A...418..989N},
  adsnote = {Provided by the SAO/NASA Astrophysics Data System}
}

@ARTICLE{jorgensen2005,
   author = {{J{\o}rgensen}, B.~R. and {Lindegren}, L.},
    title = "{Determination of stellar ages from isochrones: Bayesian estimation versus isochrone fitting}",
  journal = {\aap},
 keywords = {stars: fundamental parameters, stars: evolution, solar neighbourhood, methods: data analysis, methods: statistical},
     year = 2005,
    month = jun,
   volume = 436,
    pages = {127-143},
      doi = {10.1051/0004-6361:20042185},
   adsurl = {https://ui.adsabs.harvard.edu/abs/2005A%26A...436..127J},
  adsnote = {Provided by the SAO/NASA Astrophysics Data System}
}

@ARTICLE{holmberg2007,
   author = {{Holmberg}, J. and {Nordstr{\"o}m}, B. and {Andersen}, J.},
    title = "{The Geneva-Copenhagen survey of the Solar neighbourhood II. New uvby calibrations and rediscussion of stellar ages, the G dwarf problem, age-metallicity diagram, and heating mechanisms of the disk}",
  journal = {\aap},
archivePrefix = "arXiv",
   eprint = {0707.1891},
 keywords = {Galaxy: stellar content, Galaxy: solar neighbourhood, Galaxy: disk, Galaxy: kinematics and dynamics, Galaxy: evolution, stars: fundamental parameters},
     year = 2007,
    month = nov,
   volume = 475,
    pages = {519-537},
      doi = {10.1051/0004-6361:20077221},
   adsurl = {https://ui.adsabs.harvard.edu/abs/2007A%26A...475..519H},
  adsnote = {Provided by the SAO/NASA Astrophysics Data System}
}

@ARTICLE{skumanich1972,
   author = {{Skumanich}, A.},
    title = "{Time Scales for CA II Emission Decay, Rotational Braking, and Lithium Depletion}",
  journal = {\apj},
     year = 1972,
    month = feb,
   volume = 171,
    pages = {565},
      doi = {10.1086/151310},
   adsurl = {http://adsabs.harvard.edu/abs/1972ApJ...171..565S},
  adsnote = {Provided by the SAO/NASA Astrophysics Data System}
}

@ARTICLE{barnes2003,
   author = {{Barnes}, S.~A.},
    title = "{On the Rotational Evolution of Solar- and Late-Type Stars, Its Magnetic Origins, and the Possibility of Stellar Gyrochronology}",
  journal = {\apj},
   eprint = {astro-ph/0303631},
 keywords = {Galaxy: Open Clusters and Associations: General, Stars: Evolution, Stars: Interiors, Stars: Late-Type, Stars: Magnetic Fields, Stars: Rotation},
     year = 2003,
    month = mar,
   volume = 586,
    pages = {464-479},
      doi = {10.1086/367639},
   adsurl = {http://adsabs.harvard.edu/abs/2003ApJ...586..464B},
  adsnote = {Provided by the SAO/NASA Astrophysics Data System}
}

@ARTICLE{barnes2007,
   author = {{Barnes}, S.~A.},
    title = "{Ages for Illustrative Field Stars Using Gyrochronology: Viability, Limitations, and Errors}",
  journal = {\apj},
archivePrefix = "arXiv",
   eprint = {0704.3068},
 keywords = {Galaxy: Open Clusters and Associations: General, Stars: Activity, Stars: Evolution, Stars: Late-Type, Stars: Magnetic Fields, Stars: Rotation},
     year = 2007,
    month = nov,
   volume = 669,
    pages = {1167-1189},
      doi = {10.1086/519295},
   adsurl = {http://adsabs.harvard.edu/abs/2007ApJ...669.1167B},
  adsnote = {Provided by the SAO/NASA Astrophysics Data System}
}

@ARTICLE{barnes2010,
   author = {{Barnes}, S.~A.},
    title = "{A Simple Nonlinear Model for the Rotation of Main-sequence Cool Stars. I. Introduction, Implications for Gyrochronology, and Color-Period Diagrams}",
  journal = {\apj},
 keywords = {convection, methods: analytical, open clusters and associations: general, stars: evolution, stars: late-type, stars: rotation},
     year = 2010,
    month = oct,
   volume = 722,
    pages = {222-234},
      doi = {10.1088/0004-637X/722/1/222},
   adsurl = {http://adsabs.harvard.edu/abs/2010ApJ...722..222B},
  adsnote = {Provided by the SAO/NASA Astrophysics Data System}
}

@ARTICLE{meibom2015,
   author = {{Meibom}, S. and {Barnes}, S.~A. and {Platais {\it et al}}, I.},
    title = "{A spin-down clock for cool stars from observations of a 2.5-billion-year-old cluster}",
  journal = {\nat},
archivePrefix = "arXiv",
   eprint = {1501.05651},
 primaryClass = "astro-ph.SR",
     year = 2015,
    month = jan,
   volume = 517,
    pages = {589-591},
      doi = {10.1038/nature14118},
   adsurl = {http://adsabs.harvard.edu/abs/2015Natur.517..589M},
  adsnote = {Provided by the SAO/NASA Astrophysics Data System}
}


@ARTICLE{mamajek2008,
   author = {{Mamajek}, E.~E. and {Hillenbrand}, L.~A.},
    title = "{Improved Age Estimation for Solar-Type Dwarfs Using Activity-Rotation Diagnostics}",
  journal = {\apj},
archivePrefix = "arXiv",
   eprint = {0807.1686},
 keywords = {Stars: Activity, Stars: Chromospheres, Stars: Coronae, Stars: Fundamental Parameters, Stars: Rotation, X-Rays: Stars},
     year = 2008,
    month = nov,
   volume = 687,
    pages = {1264-1293},
      doi = {10.1086/591785},
   adsurl = {http://adsabs.harvard.edu/abs/2008ApJ...687.1264M},
  adsnote = {Provided by the SAO/NASA Astrophysics Data System}
}

@ARTICLE{meibom2011,
   author = {{Meibom}, S. and {Barnes}, S.~A. and {Latham {\it et al}}, D.~W.},
    title = "{The Kepler Cluster Study: Stellar Rotation in NGC 6811}",
  journal = {\apjl},
archivePrefix = "arXiv",
   eprint = {1104.2912},
 primaryClass = "astro-ph.SR",
 keywords = {open clusters and associations: individual: NGC 6811, stars: activity, stars: late-type, starspots, stars: rotation},
     year = 2011,
    month = may,
   volume = 733,
      eid = {L9},
    pages = {L9},
      doi = {10.1088/2041-8205/733/1/L9},
   adsurl = {http://adsabs.harvard.edu/abs/2011ApJ...733L...9M},
  adsnote = {Provided by the SAO/NASA Astrophysics Data System}
}

@ARTICLE{angus2015,
   author = {{Angus}, R. and {Aigrain}, S. and {Foreman-Mackey {\it et al}}, D.},
    title = "{Calibrating gyrochronology using Kepler asteroseismic targets}",
  journal = {\mnras},
archivePrefix = "arXiv",
   eprint = {1502.06965},
 primaryClass = "astro-ph.EP",
 keywords = {methods: statistical, stars: evolution, stars: fundamental parameters, stars: oscillations, stars: rotation, stars: solar-type},
     year = 2015,
    month = jun,
   volume = 450,
    pages = {1787-1798},
      doi = {10.1093/mnras/stv423},
   adsurl = {http://adsabs.harvard.edu/abs/2015MNRAS.450.1787A},
  adsnote = {Provided by the SAO/NASA Astrophysics Data System}
}

@ARTICLE{vansaders2016,
   author = {{van Saders}, J.~L. and {Ceillier}, T. and {Metcalfe {\it et al}}, T.~S.},
    title = "{Weakened magnetic braking as the origin of anomalously rapid rotation in old field stars}",
  journal = {\nat},
archivePrefix = "arXiv",
   eprint = {1601.02631},
 primaryClass = "astro-ph.SR",
     year = 2016,
    month = jan,
   volume = 529,
    pages = {181-184},
      doi = {10.1038/nature16168},
   adsurl = {http://adsabs.harvard.edu/abs/2016Natur.529..181V},
  adsnote = {Provided by the SAO/NASA Astrophysics Data System}
}

@ARTICLE{vansaders2018,
   author = {{van Saders}, J.~L. and {Pinsonneault}, M.~H. and {Barbieri}, M.
	},
    title = "{Forward Modeling of the Kepler Stellar Rotation Period Distribution: Interpreting Periods from Mixed and Biased Stellar Populations}",
  journal = {ArXiv e-prints},
archivePrefix = "arXiv",
   eprint = {1803.04971},
 primaryClass = "astro-ph.SR",
 keywords = {Astrophysics - Solar and Stellar Astrophysics},
     year = 2018,
    month = mar,
   adsurl = {http://adsabs.harvard.edu/abs/2018arXiv180304971V},
  adsnote = {Provided by the SAO/NASA Astrophysics Data System}
}

@ARTICLE{angus2018,
       author = {{Angus}, Ruth and {Morton}, Timothy and {Aigrain {\it et al}}, Suzanne},
        title = "{Inferring probabilistic stellar rotation periods using Gaussian processes}",
      journal = {\mnras},
     keywords = {methods: data analysis, methods: statistical, techniques: photometric, stars: rotation, stars: solar-type, starspots, Astrophysics - Solar and Stellar Astrophysics, Astrophysics - Instrumentation and Methods for Astrophysics},
         year = "2018",
        month = "Feb",
       volume = {474},
       number = {2},
        pages = {2094-2108},
          doi = {10.1093/mnras/stx2109},
archivePrefix = {arXiv},
       eprint = {1706.05459},
 primaryClass = {astro-ph.SR},
       adsurl = {https://ui.adsabs.harvard.edu/abs/2018MNRAS.474.2094A},
      adsnote = {Provided by the SAO/NASA Astrophysics Data System}
}

@ARTICLE{faherty2009,
       author = {{Faherty}, Jacqueline K. and {Burgasser}, Adam J. and {Cruz {\it et al}}, Kelle L.},
        title = "{The Brown Dwarf Kinematics Project I. Proper Motions and Tangential Velocities for a Large Sample of Late-Type M, L, and T Dwarfs}",
      journal = {\aj},
     keywords = {astrometry, stars: fundamental parameters, stars: low-mass, brown dwarfs, Astrophysics},
         year = "2009",
        month = "Jan",
       volume = {137},
       number = {1},
        pages = {1-18},
          doi = {10.1088/0004-6256/137/1/1},
archivePrefix = {arXiv},
       eprint = {0809.3008},
 primaryClass = {astro-ph},
       adsurl = {https://ui.adsabs.harvard.edu/abs/2009AJ....137....1F},
      adsnote = {Provided by the SAO/NASA Astrophysics Data System}
}

@ARTICLE{west2011,
       author = {{West}, Andrew A. and {Morgan}, Dylan P. and {Bochanski {\it et al}}, John J.},
        title = "{The Sloan Digital Sky Survey Data Release 7 Spectroscopic M Dwarf Catalog. I. Data}",
      journal = {\aj},
     keywords = {brown dwarfs, Galaxy: kinematics and dynamics, stars: abundances, stars: activity, stars: late-type, stars: low-mass, Astrophysics - Solar and Stellar Astrophysics},
         year = "2011",
        month = "Mar",
       volume = {141},
       number = {3},
          eid = {97},
        pages = {97},
          doi = {10.1088/0004-6256/141/3/97},
archivePrefix = {arXiv},
       eprint = {1101.1082},
 primaryClass = {astro-ph.SR},
       adsurl = {https://ui.adsabs.harvard.edu/abs/2011AJ....141...97W},
      adsnote = {Provided by the SAO/NASA Astrophysics Data System}
}

@ARTICLE{douglas2019,
       author = {{Douglas}, S.~T. and {Curtis}, J.~L. and {Ag{\"u}eros {\it et al}}, M.~A.},
        title = "{K2 Rotation Periods for Low-mass Hyads and a Quantitative Comparison of the Distribution of Slow Rotators in the Hyades and Praesepe}",
      journal = {\apj},
     keywords = {open clusters and associations: individual: Hyades, Praesepe, stars: evolution, stars: late-type, stars: rotation, Astrophysics - Solar and Stellar Astrophysics},
         year = "2019",
        month = "Jul",
       volume = {879},
       number = {2},
          eid = {100},
        pages = {100},
          doi = {10.3847/1538-4357/ab2468},
archivePrefix = {arXiv},
       eprint = {1905.06736},
 primaryClass = {astro-ph.SR},
       adsurl = {https://ui.adsabs.harvard.edu/abs/2019ApJ...879..100D},
      adsnote = {Provided by the SAO/NASA Astrophysics Data System}
}

@ARTICLE{metcalfe2019,
       author = {{Metcalfe}, Travis S. and {Egeland}, Ricky},
        title = "{Understanding the Limitations of Gyrochronology for Old Field Stars}",
      journal = {\apj},
     keywords = {stars: activity, stars: evolution, stars: magnetic field, stars: rotation, stars: solar-type, Astrophysics - Solar and Stellar Astrophysics, Astrophysics - Earth and Planetary Astrophysics},
         year = "2019",
        month = "Jan",
       volume = {871},
       number = {1},
          eid = {39},
        pages = {39},
          doi = {10.3847/1538-4357/aaf575},
archivePrefix = {arXiv},
       eprint = {1811.11905},
 primaryClass = {astro-ph.SR},
       adsurl = {https://ui.adsabs.harvard.edu/abs/2019ApJ...871...39M},
      adsnote = {Provided by the SAO/NASA Astrophysics Data System}
}

@ARTICLE{angus2019,
       author = {{Angus}, Ruth and {Morton}, Timothy D. and {Foreman-Mackey {\it et al}}, Daniel},
        title = "{Toward Precise Stellar Ages: Combining Isochrone Fitting with Empirical Gyrochronology}",
      journal = {\aj},
     keywords = {Hertzsprung─Russell and C─M diagrams, methods: statistical, stars: evolution, stars: fundamental parameters, stars: low-mass, stars: rotation, Astrophysics - Solar and Stellar Astrophysics, Astrophysics - Earth and Planetary Astrophysics},
         year = 2019,
        month = nov,
       volume = {158},
       number = {5},
          eid = {173},
        pages = {173},
          doi = {10.3847/1538-3881/ab3c53},
archivePrefix = {arXiv},
       eprint = {1908.07528},
 primaryClass = {astro-ph.SR},
       adsurl = {https://ui.adsabs.harvard.edu/abs/2019AJ....158..173A},
      adsnote = {Provided by the SAO/NASA Astrophysics Data System}
}



@ARTICLE{green2018,
       author = {{M. Green}, Gregory},
        title = "{dustmaps: A Python interface for maps of interstellar dust}",
      journal = {The Journal of Open Source Software},
         year = "2018",
        month = "Jun",
       volume = {3},
       number = {26},
        pages = {695},
          doi = {10.21105/joss.00695},
       adsurl = {https://ui.adsabs.harvard.edu/abs/2018JOSS....3..695M},
      adsnote = {Provided by the SAO/NASA Astrophysics Data System}
}

@ARTICLE{brandt2015,
       author = {{Brandt}, Timothy D. and {Huang}, Chelsea X.},
        title = "{The Age and Age Spread of the Praesepe and Hyades Clusters: a Consistent, \raisebox{-0.5ex}\textasciitilde800 Myr Picture from Rotating Stellar Models}",
      journal = {\apj},
     keywords = {galaxies: clusters: individual: Hyades, Praesepe, Hertzsprung─Russell and C─M diagrams, methods: statistical, stars: early-type, stars: evolution, Astrophysics - Solar and Stellar Astrophysics},
         year = "2015",
        month = "Jul",
       volume = {807},
       number = {1},
          eid = {24},
        pages = {24},
          doi = {10.1088/0004-637X/807/1/24},
archivePrefix = {arXiv},
       eprint = {1504.00004},
 primaryClass = {astro-ph.SR},
       adsurl = {https://ui.adsabs.harvard.edu/abs/2015ApJ...807...24B},
      adsnote = {Provided by the SAO/NASA Astrophysics Data System}
}

@ARTICLE{yu2018,
       author = {{Yu}, Jincheng and {Liu}, Chao},
        title = "{The age-velocity dispersion relation of the Galactic discs from LAMOST-Gaia data}",
      journal = {\mnras},
     keywords = {Galaxy: disc, Galaxy: evolution, Galaxy: kinematics and dynamics, solar neighbourhood, Astrophysics - Astrophysics of Galaxies},
         year = "2018",
        month = "Mar",
       volume = {475},
       number = {1},
        pages = {1093-1103},
          doi = {10.1093/mnras/stx3204},
archivePrefix = {arXiv},
       eprint = {1712.03965},
 primaryClass = {astro-ph.GA},
       adsurl = {https://ui.adsabs.harvard.edu/abs/2018MNRAS.475.1093Y},
      adsnote = {Provided by the SAO/NASA Astrophysics Data System}
}


@ARTICLE{aumer2009,
   author = {{Aumer}, M. and {Binney}, J.~J.},
    title = "{Kinematics and history of the solar neighbourhood revisited}",
  journal = {\mnras},
archivePrefix = "arXiv",
   eprint = {0905.2512},
 keywords = {stars: kinematics , Galaxy: kinematics and dynamics , solar neighbourhood},
     year = 2009,
    month = aug,
   volume = 397,
    pages = {1286-1301},
      doi = {10.1111/j.1365-2966.2009.15053.x},
   adsurl = {https://ui.adsabs.harvard.edu/abs/2009MNRAS.397.1286A},
  adsnote = {Provided by the SAO/NASA Astrophysics Data System}
}

@ARTICLE{aumer2016,
       author = {{Aumer}, Michael and {Binney}, James and {Sch{\"o}nrich}, Ralph},
        title = "{Age-velocity dispersion relations and heating histories in disc galaxies}",
      journal = {\mnras},
     keywords = {methods: numerical, Galaxy: disc, Galaxy: kinematics and dynamics, galaxies: evolution, galaxies: spiral, Astrophysics - Astrophysics of Galaxies},
         year = "2016",
        month = "Oct",
       volume = {462},
       number = {2},
        pages = {1697-1713},
          doi = {10.1093/mnras/stw1639},
archivePrefix = {arXiv},
       eprint = {1607.01972},
 primaryClass = {astro-ph.GA},
       adsurl = {https://ui.adsabs.harvard.edu/abs/2016MNRAS.462.1697A},
      adsnote = {Provided by the SAO/NASA Astrophysics Data System}
}

@ARTICLE{casagrande2011,
       author = {{Casagrande}, L. and {Sch{\"o}nrich}, R. and {Asplund {\it et al}}, M.},
        title = "{New constraints on the chemical evolution of the solar neighbourhood and Galactic disc(s). Improved astrophysical parameters for the Geneva-Copenhagen Survey}",
      journal = {\aap},
     keywords = {stars: abundances, stars: fundamental parameters, Hertzsprung-Russell and C-M diagrams, stars: kinematics and dynamics, Galaxy: disk, solar neighborhood, Astrophysics - Galaxy Astrophysics, Astrophysics - Solar and Stellar Astrophysics},
         year = "2011",
        month = "Jun",
       volume = {530},
          eid = {A138},
        pages = {A138},
          doi = {10.1051/0004-6361/201016276},
archivePrefix = {arXiv},
       eprint = {1103.4651},
 primaryClass = {astro-ph.GA},
       adsurl = {https://ui.adsabs.harvard.edu/abs/2011A&A...530A.138C},
      adsnote = {Provided by the SAO/NASA Astrophysics Data System}
}


@ARTICLE{rebull2017,
   author = {{Rebull}, L.~M. and {Stauffer}, J.~R. and {Hillenbrand {\it et al}}, L.~A.},
    title = "{Rotation of Late-type Stars in Praesepe with K2}",
  journal = {\apj},
archivePrefix = "arXiv",
   eprint = {1703.07031},
 primaryClass = "astro-ph.SR",
 keywords = {stars: rotation, stars: variables: general},
     year = 2017,
    month = apr,
   volume = 839,
      eid = {92},
    pages = {92},
      doi = {10.3847/1538-4357/aa6aa4},
   adsurl = {http://adsabs.harvard.edu/abs/2017ApJ...839...92R},
  adsnote = {Provided by the SAO/NASA Astrophysics Data System}
}

@ARTICLE{rebull2018,
       author = {{Rebull}, L.~M. and {Stauffer}, J.~R. and {Cody}, A.~M. and {Hillenbrand}, L.~A. and {David}, T.~J. and {Pinsonneault}, M.},
        title = "{Rotation of Low-mass Stars in Upper Scorpius and {\ensuremath{\rho}} Ophiuchus with K2}",
      journal = {\aj},
     keywords = {stars: low-mass, stars: pre-main sequence, Astrophysics - Solar and Stellar Astrophysics},
         year = 2018,
        month = may,
       volume = {155},
       number = {5},
          eid = {196},
        pages = {196},
          doi = {10.3847/1538-3881/aab605},
archivePrefix = {arXiv},
       eprint = {1803.04440},
 primaryClass = {astro-ph.SR},
       adsurl = {https://ui.adsabs.harvard.edu/abs/2018AJ....155..196R},
      adsnote = {Provided by the SAO/NASA Astrophysics Data System}
}


@ARTICLE{douglas2017,
   author = {{Douglas}, S.~T. and {Ag{\"u}eros}, M.~A. and {Covey {\it et al}}, K.~R.},
    title = "{Poking the Beehive from Space: K2 Rotation Periods for Praesepe}",
  journal = {\apj},
archivePrefix = "arXiv",
   eprint = {1704.04507},
 primaryClass = "astro-ph.SR",
 keywords = {stars: evolution, stars: late-type, stars: rotation},
     year = 2017,
    month = jun,
   volume = 842,
      eid = {83},
    pages = {83},
      doi = {10.3847/1538-4357/aa6e52},
   adsurl = {http://adsabs.harvard.edu/abs/2017ApJ...842...83D},
  adsnote = {Provided by the SAO/NASA Astrophysics Data System}
}

@ARTICLE{douglas2016,
       author = {{Douglas}, S.~T. and {Ag{\"u}eros}, M.~A. and {Covey {\it et al}}, K.~R.},
        title = "{K2 Rotation Periods for Low-mass Hyads and the Implications for
        Gyrochronology}",
      journal = {\apj},
     keywords = {open clusters and associations: individual: Hyades, stars: evolution,
        stars: late-type, stars: low-mass, stars: rotation, Astrophysics
        - Solar and Stellar Astrophysics},
         year = 2016,
        month = May,
       volume = {822},
          eid = {47},
        pages = {47},
          doi = {10.3847/0004-637X/822/1/47},
 primaryClass = {astro-ph.SR},
       adsurl = {https://ui.adsabs.harvard.edu/#abs/2016ApJ...822...47D},
      adsnote = {Provided by the SAO/NASA Astrophysics Data System}
}

@article{price-whelan_2018,
title={adrn/pyia: v0.2}, DOI={10.5281/zenodo.1228136}, abstractNote={a Python package for working with data from the Gaia mission}, publisher={Zenodo}, author={Adrian Price-Whelan}, year={2018}, month={Apr}
}

@ARTICLE{davenport2018,
       author = {{Davenport}, James R.~A. and {Covey}, Kevin R.},
        title = "{Rotating Stars from Kepler Observed with Gaia DR2}",
      journal = {\apj},
     keywords = {stars: evolution, stars: rotation, Astrophysics - Solar and Stellar Astrophysics},
         year = "2018",
        month = "Dec",
       volume = {868},
       number = {2},
          eid = {151},
        pages = {151},
          doi = {10.3847/1538-4357/aae842},
archivePrefix = {arXiv},
       eprint = {1807.09841},
 primaryClass = {astro-ph.SR},
       adsurl = {https://ui.adsabs.harvard.edu/abs/2018ApJ...868..151D},
      adsnote = {Provided by the SAO/NASA Astrophysics Data System}
}

@ARTICLE{mcquillan2013,
       author = {{McQuillan}, A. and {Aigrain}, S. and {Mazeh}, T.},
        title = "{Measuring the rotation period distribution of field M dwarfs with Kepler}",
      journal = {\mnras},
     keywords = {methods: data analysis, stars: evolution, stars: low-mass, stars: magnetic field, stars: rotation, Astrophysics - Solar and Stellar Astrophysics},
         year = "2013",
        month = "Jun",
       volume = {432},
       number = {2},
        pages = {1203-1216},
          doi = {10.1093/mnras/stt536},
archivePrefix = {arXiv},
       eprint = {1303.6787},
 primaryClass = {astro-ph.SR},
       adsurl = {https://ui.adsabs.harvard.edu/abs/2013MNRAS.432.1203M},
      adsnote = {Provided by the SAO/NASA Astrophysics Data System}
}

@ARTICLE{reinhold2019,
       author = {{Reinhold}, Timo and {Bell}, Keaton J. and {Kuszlewicz {\it et al}}, James},
        title = "{Transition from spot to faculae domination. An alternate explanation for the dearth of intermediate Kepler rotation periods}",
      journal = {\aap},
     keywords = {stars: activity, stars: rotation, Astrophysics - Solar and Stellar Astrophysics},
         year = "2019",
        month = "Jan",
       volume = {621},
          eid = {A21},
        pages = {A21},
          doi = {10.1051/0004-6361/201833754},
archivePrefix = {arXiv},
       eprint = {1810.11250},
 primaryClass = {astro-ph.SR},
       adsurl = {https://ui.adsabs.harvard.edu/abs/2019A&A...621A..21R},
      adsnote = {Provided by the SAO/NASA Astrophysics Data System}
}

@ARTICLE{davenport2017,
       author = {{Davenport}, James R.~A.},
        title = "{Rotating Stars from Kepler Observed with Gaia DR1}",
      journal = {\apj},
     keywords = {stars: general, stars: kinematics and dynamics, stars: rotation, Astrophysics - Solar and Stellar Astrophysics},
         year = "2017",
        month = "Jan",
       volume = {835},
       number = {1},
          eid = {16},
        pages = {16},
          doi = {10.3847/1538-4357/835/1/16},
archivePrefix = {arXiv},
       eprint = {1610.08563},
 primaryClass = {astro-ph.SR},
       adsurl = {https://ui.adsabs.harvard.edu/abs/2017ApJ...835...16D},
      adsnote = {Provided by the SAO/NASA Astrophysics Data System}
}

@ARTICLE{robin2012,
       author = {{Robin}, A.~C. and {Luri}, X. and {Reyl{\'e} {\it et al}}, C.},
        title = "{Gaia Universe model snapshot. A statistical analysis of the expected contents of the Gaia catalogue}",
      journal = {\aap},
     keywords = {methods: data analysis, Galaxy: stellar content, catalogs, Galaxy: structure, galaxies: statistics, stars: statistics, Astrophysics - Astrophysics of Galaxies, Astrophysics - Cosmology and Nongalactic Astrophysics, Astrophysics - Instrumentation and Methods for Astrophysics, Astrophysics - Solar and Stellar Astrophysics},
         year = "2012",
        month = "Jul",
       volume = {543},
          eid = {A100},
        pages = {A100},
          doi = {10.1051/0004-6361/201118646},
archivePrefix = {arXiv},
       eprint = {1202.0132},
 primaryClass = {astro-ph.GA},
       adsurl = {https://ui.adsabs.harvard.edu/abs/2012A&A...543A.100R},
      adsnote = {Provided by the SAO/NASA Astrophysics Data System}
}

@ARTICLE{spada2019,
       author = {{Spada}, F. and {Lanzafame}, A.~C.},
        title = "{On the competing effect of wind braking and interior coupling in the rotational evolution of solar-like stars}",
      journal = {arXiv e-prints},
     keywords = {Astrophysics - Solar and Stellar Astrophysics},
         year = "2019",
        month = "Aug",
          eid = {arXiv:1908.00345},
        pages = {arXiv:1908.00345},
archivePrefix = {arXiv},
       eprint = {1908.00345},
 primaryClass = {astro-ph.SR},
       adsurl = {https://ui.adsabs.harvard.edu/abs/2019arXiv190800345S},
      adsnote = {Provided by the SAO/NASA Astrophysics Data System}
}

/* Explanation for slowly rotating cool stars and rapidly rotating hot stars. */
/* Establishing the delineation between stars with convection zones and purely */
/* radiative stars. Connecting the idea that convective zones lead to angular */
/* momentum loss. */
@ARTICLE{schatzman1962,
   author = {{Schatzman}, E.},
    title = "{A theory of the role of magnetic activity during star formation}",
  journal = {Annales d'Astrophysique},
     year = 1962,
    month = feb,
   volume = 25,
    pages = {18},
   adsurl = {https://ui.adsabs.harvard.edu/abs/1962AnAp...25...18S},
  adsnote = {Provided by the SAO/NASA Astrophysics Data System}
}

/* Wind-driven magnetic braking */
@ARTICLE{weber1967,
   author = {{Weber}, E.~J. and {Davis}, Jr., L.},
    title = "{The Angular Momentum of the Solar Wind}",
  journal = {\apj},
     year = 1967,
    month = apr,
   volume = 148,
    pages = {217-227},
      doi = {10.1086/149138},
   adsurl = {https://ui.adsabs.harvard.edu/abs/1967ApJ...148..217W},
  adsnote = {Provided by the SAO/NASA Astrophysics Data System}
}

/* Rotation periods decrease with age. */
@ARTICLE{kraft1967,
   author = {{Kraft}, R.~P.},
    title = "{Studies of Stellar Rotation. V. The Dependence of Rotation on Age among Solar-Type Stars}",
  journal = {\apj},
     year = 1967,
    month = nov,
   volume = 150,
    pages = {551},
      doi = {10.1086/149359},
   adsurl = {https://ui.adsabs.harvard.edu/abs/1967ApJ...150..551K},
  adsnote = {Provided by the SAO/NASA Astrophysics Data System}
}

/* Models for magnetic braking. */
@ARTICLE{kawaler1988,
   author = {{Kawaler}, S.~D.},
    title = "{Angular momentum loss in low-mass stars}",
  journal = {\apj},
 keywords = {Angular Momentum, Stellar Mass Ejection, Stellar Models, Stellar Rotation, Stellar Winds, Pre-Main Sequence Stars, Stellar Evolution, Stellar Interiors, Stellar Magnetic Fields},
     year = 1988,
    month = oct,
   volume = 333,
    pages = {236-247},
      doi = {10.1086/166740},
   adsurl = {https://ui.adsabs.harvard.edu/abs/1988ApJ...333..236K},
  adsnote = {Provided by the SAO/NASA Astrophysics Data System}
}

@ARTICLE{pinsonneault1989,
   author = {{Pinsonneault}, M.~H. and {Kawaler}, S.~D. and {Sofia {\it et al}}, S.},
    title = "{Evolutionary models of the rotating sun}",
  journal = {\apj},
 keywords = {Abundance, Solar Interior, Solar Rotation, Stellar Evolution, Stellar Models, Angular Velocity, Beryllium, Lithium, Periodic Variations, Solar Velocity, Stellar Rotation},
     year = 1989,
    month = mar,
   volume = 338,
    pages = {424-452},
      doi = {10.1086/167210},
   adsurl = {http://adsabs.harvard.edu/abs/1989ApJ...338..424P},
  adsnote = {Provided by the SAO/NASA Astrophysics Data System}
}

@ARTICLE{matt2012,
   author = {{Matt}, S.~P. and {MacGregor}, K.~B. and {Pinsonneault {\it et al}}, M.~H.},
    title = "{Magnetic Braking Formulation for Sun-like Stars: Dependence on Dipole Field Strength and Rotation Rate}",
  journal = {\apjl},
archivePrefix = "arXiv",
   eprint = {1206.2354},
 primaryClass = "astro-ph.SR",
 keywords = {magnetohydrodynamics: MHD, stars: magnetic field, stars: rotation, stars: solar-type, stars: winds, outflows},
     year = 2012,
    month = aug,
   volume = 754,
      eid = {L26},
    pages = {L26},
      doi = {10.1088/2041-8205/754/2/L26},
   adsurl = {http://adsabs.harvard.edu/abs/2012ApJ...754L..26M},
  adsnote = {Provided by the SAO/NASA Astrophysics Data System}
}

@ARTICLE{stark1989,
       author = {{Stark}, Antony A. and {Brand}, Jan},
        title = "{Kinematics of Molecular Clouds. II. New Data on Nearby Giant Molecular Clouds}",
      journal = {\apj},
     keywords = {Computational Astrophysics, Milky Way Galaxy, Molecular Clouds, Kinematics, Radial Velocity, Velocity Distribution, Astrophysics, GALAXIES: INTERNAL MOTIONS, INTERSTELLAR: MOLECULES, RADIAL VELOCITIES},
         year = "1989",
        month = "Apr",
       volume = {339},
        pages = {763},
          doi = {10.1086/167334},
       adsurl = {https://ui.adsabs.harvard.edu/abs/1989ApJ...339..763S},
      adsnote = {Provided by the SAO/NASA Astrophysics Data System}
}

@ARTICLE{stark2005,
       author = {{Stark}, Antony A. and {Lee}, Youngung},
        title = "{The Scale Height of Giant Molecular Clouds Is Less than That of Smaller Clouds}",
      journal = {\apjl},
     keywords = {Galaxy: Structure, ISM: Clouds, ISM: Molecules, Astrophysics},
         year = "2005",
        month = "Feb",
       volume = {619},
       number = {2},
        pages = {L159-L162},
          doi = {10.1086/427936},
archivePrefix = {arXiv},
       eprint = {astro-ph/0403631},
 primaryClass = {astro-ph},
       adsurl = {https://ui.adsabs.harvard.edu/abs/2005ApJ...619L.159S},
      adsnote = {Provided by the SAO/NASA Astrophysics Data System}
}

@ARTICLE{martig2014,
       author = {{Martig}, Marie and {Minchev}, Ivan and {Flynn}, Chris},
        title = "{Dissecting simulated disc galaxies - II. The age-velocity relation}",
      journal = {\mnras},
     keywords = {methods: numerical, galaxies: formation, galaxies: kinematics and dynamics, galaxies: structure, Astrophysics - Astrophysics of Galaxies},
         year = "2014",
        month = "Sep",
       volume = {443},
       number = {3},
        pages = {2452-2462},
          doi = {10.1093/mnras/stu1322},
archivePrefix = {arXiv},
       eprint = {1405.1727},
 primaryClass = {astro-ph.GA},
       adsurl = {https://ui.adsabs.harvard.edu/abs/2014MNRAS.443.2452M},
      adsnote = {Provided by the SAO/NASA Astrophysics Data System}
}

@ARTICLE{howell2014,
       author = {{Howell}, Steve B. and {Sobeck}, Charlie and {Haas {\it et al}}, Michael},
        title = "{The K2 Mission: Characterization and Early Results}",
      journal = {\pasp},
     keywords = {Astrophysics - Instrumentation and Methods for Astrophysics, Astrophysics - Earth and Planetary Astrophysics},
         year = "2014",
        month = "Apr",
       volume = {126},
       number = {938},
        pages = {398},
          doi = {10.1086/676406},
archivePrefix = {arXiv},
       eprint = {1402.5163},
 primaryClass = {astro-ph.IM},
       adsurl = {https://ui.adsabs.harvard.edu/abs/2014PASP..126..398H},
      adsnote = {Provided by the SAO/NASA Astrophysics Data System}
}

@ARTICLE{borucki2010,
       author = {{Borucki}, William J. and {Koch}, David and {Basri {\it et al}}, Gibor},
        title = "{Kepler Planet-Detection Mission: Introduction and First Results}",
      journal = {Science},
     keywords = {ASTRONOMY},
         year = "2010",
        month = "Feb",
       volume = {327},
       number = {5968},
        pages = {977},
          doi = {10.1126/science.1185402},
       adsurl = {https://ui.adsabs.harvard.edu/abs/2010Sci...327..977B},
      adsnote = {Provided by the SAO/NASA Astrophysics Data System}
}

@ARTICLE{garcia2014,
       author = {{Garc{\'\i}a}, R.~A. and {Ceillier}, T. and {Salabert {\it et al}}, D.},
        title = "{Rotation and magnetism of Kepler pulsating solar-like stars. Towards asteroseismically calibrated age-rotation relations}",
      journal = {\aap},
     keywords = {asteroseismology, stars: activity, stars: rotation, stars: solar-type, stars: evolution, stars: oscillations, Astrophysics - Solar and Stellar Astrophysics},
         year = "2014",
        month = "Dec",
       volume = {572},
          eid = {A34},
        pages = {A34},
          doi = {10.1051/0004-6361/201423888},
archivePrefix = {arXiv},
       eprint = {1403.7155},
 primaryClass = {astro-ph.SR},
       adsurl = {https://ui.adsabs.harvard.edu/abs/2014A&A...572A..34G},
      adsnote = {Provided by the SAO/NASA Astrophysics Data System}
}

@INPROCEEDINGS{irwin2009,
       author = {{Irwin}, Jonathan and {Bouvier}, Jerome},
        title = "{The rotational evolution of low-mass stars}",
     keywords = {stars: late-type, stars: low-mass, stars: pre─main-sequence, stars: rotation, Astrophysics - Solar and Stellar Astrophysics},
    booktitle = {The Ages of Stars},
         year = "2009",
       editor = {{Mamajek}, Eric E. and {Soderblom}, David R. and {Wyse}, Rosemary F.~G.},
       series = {IAU Symposium},
       volume = {258},
        month = "Jun",
        pages = {363-374},
          doi = {10.1017/S1743921309032025},
archivePrefix = {arXiv},
       eprint = {0901.3342},
 primaryClass = {astro-ph.SR},
       adsurl = {https://ui.adsabs.harvard.edu/abs/2009IAUS..258..363I},
      adsnote = {Provided by the SAO/NASA Astrophysics Data System}
}

@ARTICLE{thompson1996,
       author = {{Thompson}, M.~J. and {Toomre}, J. and {Anderson {\it et al}}, E.~R.},
        title = "{Differential Rotation and Dynamics of the Solar Interior}",
      journal = {Science},
         year = 1996,
        month = may,
       volume = {272},
       number = {5266},
        pages = {1300-1305},
          doi = {10.1126/science.272.5266.1300},
       adsurl = {https://ui.adsabs.harvard.edu/abs/1996Sci...272.1300T},
      adsnote = {Provided by the SAO/NASA Astrophysics Data System}
}

@ARTICLE{reinhold2020,
       author = {{Reinhold}, Timo and {Hekker}, Saskia},
        title = "{Stellar rotation periods from K2 Campaigns 0-18. Evidence for rotation period bimodality and simultaneous variability decrease}",
      journal = {\aap},
     keywords = {stars: activity, stars: rotation, Astrophysics - Solar and Stellar Astrophysics},
         year = 2020,
        month = mar,
       volume = {635},
          eid = {A43},
        pages = {A43},
          doi = {10.1051/0004-6361/201936887},
archivePrefix = {arXiv},
       eprint = {2001.08214},
 primaryClass = {astro-ph.SR},
       adsurl = {https://ui.adsabs.harvard.edu/abs/2020A&A...635A..43R},
      adsnote = {Provided by the SAO/NASA Astrophysics Data System}
}

@ARTICLE{brown2011,
       author = {{Brown}, Timothy M. and {Latham}, David W. and {Everett {\it et al}}, Mark E.},
        title = "{Kepler Input Catalog: Photometric Calibration and Stellar Classification}",
      journal = {\aj},
     keywords = {catalogs, methods: data analysis, surveys, techniques: photometric, Astrophysics - Solar and Stellar Astrophysics},
         year = "2011",
        month = "Oct",
       volume = {142},
       number = {4},
          eid = {112},
        pages = {112},
          doi = {10.1088/0004-6256/142/4/112},
archivePrefix = {arXiv},
       eprint = {1102.0342},
 primaryClass = {astro-ph.SR},
       adsurl = {https://ui.adsabs.harvard.edu/abs/2011AJ....142..112B},
      adsnote = {Provided by the SAO/NASA Astrophysics Data System}
}

@ARTICLE{kiman2019,
       author = {{Kiman}, Rocio and {Schmidt}, Sarah J. and {Angus {\it et al}}, Ruth},
        title = "{Exploring the Age-dependent Properties of M and L Dwarfs Using Gaia and SDSS}",
      journal = {\aj},
     keywords = {stars: activity, stars: kinematics and dynamics, stars: low-mass, Astrophysics - Solar and Stellar Astrophysics},
         year = "2019",
        month = "Jun",
       volume = {157},
       number = {6},
          eid = {231},
        pages = {231},
          doi = {10.3847/1538-3881/ab1753},
archivePrefix = {arXiv},
       eprint = {1904.05911},
 primaryClass = {astro-ph.SR},
       adsurl = {https://ui.adsabs.harvard.edu/abs/2019AJ....157..231K},
      adsnote = {Provided by the SAO/NASA Astrophysics Data System}
}

@ARTICLE{janes2011,
       author = {{Janes}, Kenneth A. and {Hoq}, Sadia},
        title = "{A Quantitative Analysis of Distant Open Clusters}",
      journal = {\aj},
     keywords = {Hertzsprung-Russell and C-M diagrams, open clusters and associations: general, open clusters and associations: individual: Berkeley 19 Berkeley 44 King 25 NGC 6802 NGC 6827 Berkeley 52 Berkeley 56 NGC 7142 NGC 7245 King 9, techniques: photometric},
         year = 2011,
        month = mar,
       volume = {141},
       number = {3},
          eid = {92},
        pages = {92},
          doi = {10.1088/0004-6256/141/3/92},
       adsurl = {https://ui.adsabs.harvard.edu/abs/2011AJ....141...92J},
      adsnote = {Provided by the SAO/NASA Astrophysics Data System}
}

@ARTICLE{berger2020,
       author = {{Berger}, Travis A. and {Huber}, Daniel and {van Saders {\it et al}}, Jennifer L.},
        title = "{The $Gaia$-$Kepler$ Stellar Properties Catalog I: Homogeneous Fundamental Properties for 186,000 $Kepler$ Stars}",
      journal = {arXiv e-prints},
     keywords = {Astrophysics - Solar and Stellar Astrophysics, Astrophysics - Earth and Planetary Astrophysics, Astrophysics - Astrophysics of Galaxies},
         year = 2020,
        month = jan,
          eid = {arXiv:2001.07737},
        pages = {arXiv:2001.07737},
archivePrefix = {arXiv},
       eprint = {2001.07737},
 primaryClass = {astro-ph.SR},
       adsurl = {https://ui.adsabs.harvard.edu/abs/2020arXiv200107737B},
      adsnote = {Provided by the SAO/NASA Astrophysics Data System}
}

@ARTICLE{boyajian2012,
       author = {{Boyajian}, Tabetha S. and {von Braun}, Kaspar and {van Belle {\it et al}}, Gerard},
        title = "{Stellar Diameters and Temperatures. II. Main-sequence K- and M-stars}",
      journal = {\apj},
     keywords = {Hertzsprung-Russell and C-M diagrams, infrared: stars, planetary systems, stars: atmospheres, stars: fundamental parameters, stars: general, stars: late-type, stars: low-mass, techniques: high angular resolution, techniques: interferometric, Astrophysics - Solar and Stellar Astrophysics},
         year = 2012,
        month = oct,
       volume = {757},
       number = {2},
          eid = {112},
        pages = {112},
          doi = {10.1088/0004-637X/757/2/112},
archivePrefix = {arXiv},
       eprint = {1208.2431},
 primaryClass = {astro-ph.SR},
       adsurl = {https://ui.adsabs.harvard.edu/abs/2012ApJ...757..112B},
      adsnote = {Provided by the SAO/NASA Astrophysics Data System}
}

@ARTICLE{mann2015,
       author = {{Mann}, Andrew W. and {Feiden}, Gregory A. and {Gaidos {\it et al}}, Eric},
        title = "{How to Constrain Your M Dwarf: Measuring Effective Temperature, Bolometric Luminosity, Mass, and Radius}",
      journal = {\apj},
     keywords = {planetary systems, stars: abundances, stars: fundamental parameters, stars: late-type, stars: low-mass, stars: statistics, Astrophysics - Solar and Stellar Astrophysics},
         year = 2015,
        month = may,
       volume = {804},
       number = {1},
          eid = {64},
        pages = {64},
          doi = {10.1088/0004-637X/804/1/64},
archivePrefix = {arXiv},
       eprint = {1501.01635},
 primaryClass = {astro-ph.SR},
       adsurl = {https://ui.adsabs.harvard.edu/abs/2015ApJ...804...64M},
      adsnote = {Provided by the SAO/NASA Astrophysics Data System}
}


@ARTICLE{brewer2016,
       author = {{Brewer}, John M. and {Fischer}, Debra A. and {Valenti {\it et al}}, Jeff A.},
        title = "{Spectral Properties of Cool Stars: Extended Abundance Analysis of 1,617 Planet-search Stars}",
      journal = {\apjs},
     keywords = {catalogs, methods: data analysis, stars: abundances, stars: fundamental parameters, stars: solar type, techniques: spectroscopic, Astrophysics - Solar and Stellar Astrophysics},
         year = 2016,
        month = aug,
       volume = {225},
       number = {2},
          eid = {32},
        pages = {32},
          doi = {10.3847/0067-0049/225/2/32},
archivePrefix = {arXiv},
       eprint = {1606.07929},
 primaryClass = {astro-ph.SR},
       adsurl = {https://ui.adsabs.harvard.edu/abs/2016ApJS..225...32B},
      adsnote = {Provided by the SAO/NASA Astrophysics Data System}
}

@ARTICLE{newton2016,
       author = {{Newton}, Elisabeth R. and {Irwin}, Jonathan and {Charbonneau {\it et al}}, David},
        title = "{The Rotation and Galactic Kinematics of Mid M Dwarfs in the Solar Neighborhood}",
      journal = {\apj},
     keywords = {stars: kinematics and dynamics, stars: low-mass, stars: rotation, starspots, Astrophysics - Solar and Stellar Astrophysics, Astrophysics - Astrophysics of Galaxies},
         year = 2016,
        month = apr,
       volume = {821},
       number = {2},
          eid = {93},
        pages = {93},
          doi = {10.3847/0004-637X/821/2/93},
archivePrefix = {arXiv},
       eprint = {1511.00957},
 primaryClass = {astro-ph.SR},
       adsurl = {https://ui.adsabs.harvard.edu/abs/2016ApJ...821...93N},
      adsnote = {Provided by the SAO/NASA Astrophysics Data System}
}

@ARTICLE{newton2018,
       author = {{Newton}, Elisabeth R. and {Mondrik}, Nicholas and {Irwin {\it et al}}, Jonathan},
        title = "{New Rotation Period Measurements for M Dwarfs in the Southern Hemisphere: An Abundance of Slowly Rotating, Fully Convective Stars}",
      journal = {\aj},
     keywords = {stars: individual: Proxima Centauri, Wolf 359, GJ 1286, stars: low-mass, stars: rotation, Astrophysics - Solar and Stellar Astrophysics, Astrophysics - Earth and Planetary Astrophysics},
         year = 2018,
        month = nov,
       volume = {156},
       number = {5},
          eid = {217},
        pages = {217},
          doi = {10.3847/1538-3881/aad73b},
archivePrefix = {arXiv},
       eprint = {1807.09365},
 primaryClass = {astro-ph.SR},
       adsurl = {https://ui.adsabs.harvard.edu/abs/2018AJ....156..217N},
      adsnote = {Provided by the SAO/NASA Astrophysics Data System}
}


@ARTICLE{newton2017,
       author = {{Newton}, Elisabeth R. and {Irwin}, Jonathan and {Charbonneau {\it et al}}, David},
        title = "{The H{\ensuremath{\alpha}} Emission of Nearby M Dwarfs and its Relation to Stellar Rotation}",
      journal = {\apj},
     keywords = {stars: activity, stars: low-mass, stars: rotation, Astrophysics - Solar and Stellar Astrophysics, Astrophysics - Earth and Planetary Astrophysics},
         year = 2017,
        month = jan,
       volume = {834},
       number = {1},
          eid = {85},
        pages = {85},
          doi = {10.3847/1538-4357/834/1/85},
archivePrefix = {arXiv},
       eprint = {1611.03509},
 primaryClass = {astro-ph.SR},
       adsurl = {https://ui.adsabs.harvard.edu/abs/2017ApJ...834...85N},
      adsnote = {Provided by the SAO/NASA Astrophysics Data System}
}


@ARTICLE{rabus2019,
       author = {{Rabus}, Markus and {Lachaume}, R{\'e}gis and {Jord{\'a}n {\it et al}}, Andr{\'e}s},
        title = "{A discontinuity in the T$_{eff}$-radius relation of M-dwarfs}",
      journal = {\mnras},
     keywords = {techniques: interferometric, stars: fundamental parameters, stars: late-type, stars: low-mass, Astrophysics - Solar and Stellar Astrophysics},
         year = 2019,
        month = apr,
       volume = {484},
       number = {2},
        pages = {2674-2683},
          doi = {10.1093/mnras/sty3430},
archivePrefix = {arXiv},
       eprint = {1901.08077},
 primaryClass = {astro-ph.SR},
       adsurl = {https://ui.adsabs.harvard.edu/abs/2019MNRAS.484.2674R},
      adsnote = {Provided by the SAO/NASA Astrophysics Data System}
}

@ARTICLE{noyes1984,
       author = {{Noyes}, R.~W. and {Hartmann}, L.~W. and {Baliunas {\it et al}}, S.~L.},
        title = "{Rotation, convection, and magnetic activity in lower main-sequence stars.}",
      journal = {\apj},
     keywords = {Magnetic Stars, Main Sequence Stars, Stellar Activity, Stellar Magnetic Fields, Stellar Rotation, Chromosphere, Convection, Late Stars, Magnetoactivity, Astrophysics},
         year = 1984,
        month = apr,
       volume = {279},
        pages = {763-777},
          doi = {10.1086/161945},
       adsurl = {https://ui.adsabs.harvard.edu/abs/1984ApJ...279..763N},
      adsnote = {Provided by the SAO/NASA Astrophysics Data System}
}

@ARTICLE{charbonneau2010,
       author = {{Charbonneau}, Paul},
        title = "{Dynamo Models of the Solar Cycle}",
      journal = {Living Reviews in Solar Physics},
     keywords = {Sun: activity, Sun: cycle, Sun: dynamo, Sun: magnetic fields, Solar Cycle, Flux Rope, Differential Rotation, Meridional Circulation, Dynamo Model},
         year = 2010,
        month = sep,
       volume = {7},
       number = {1},
          eid = {3},
        pages = {3},
          doi = {10.12942/lrsp-2010-3},
       adsurl = {https://ui.adsabs.harvard.edu/abs/2010LRSP....7....3C},
      adsnote = {Provided by the SAO/NASA Astrophysics Data System}
}

@ARTICLE{parker1970,
       author = {{Parker}, E.~N.},
        title = "{The Generation of Magnetic Fields in Astrophysical Bodies. I. The Dynamo Equations}",
      journal = {\apj},
         year = 1970,
        month = nov,
       volume = {162},
        pages = {665},
          doi = {10.1086/150697},
       adsurl = {https://ui.adsabs.harvard.edu/abs/1970ApJ...162..665P},
      adsnote = {Provided by the SAO/NASA Astrophysics Data System}
}


@ARTICLE{bird2013,
       author = {{Bird}, Jonathan C. and {Kazantzidis}, Stelios and {Weinberg {\it et al}}, David H.},
        title = "{Inside out and Upside down: Tracing the Assembly of a Simulated Disk Galaxy Using Mono-age Stellar Populations}",
      journal = {\apj},
     keywords = {galaxies: evolution, galaxies: spiral, Galaxy: evolution, Galaxy: formation, Galaxy: kinematics and dynamics, Galaxy: structure, Astrophysics - Astrophysics of Galaxies},
         year = 2013,
        month = aug,
       volume = {773},
       number = {1},
          eid = {43},
        pages = {43},
          doi = {10.1088/0004-637X/773/1/43},
archivePrefix = {arXiv},
       eprint = {1301.0620},
 primaryClass = {astro-ph.GA},
       adsurl = {https://ui.adsabs.harvard.edu/abs/2013ApJ...773...43B},
      adsnote = {Provided by the SAO/NASA Astrophysics Data System}
}

@ARTICLE{sandquist2016,
       author = {{Sandquist}, Eric L. and {Jessen-Hansen}, J. and {Shetrone {\it et al}}, Matthew D.},
        title = "{The Age and Distance of the Kepler Open Cluster NGC 6811 from an Eclipsing Binary, Turnoff Star Pulsation, and Giant Asteroseismology}",
      journal = {\apj},
     keywords = {asteroseismology, binaries: eclipsing, binaries: spectroscopic, open clusters and associations: individual: NGC 6811, stars: distances, stars: variables: delta Scuti, Astrophysics - Solar and Stellar Astrophysics},
         year = 2016,
        month = nov,
       volume = {831},
       number = {1},
          eid = {11},
        pages = {11},
          doi = {10.3847/0004-637X/831/1/11},
archivePrefix = {arXiv},
       eprint = {1608.03917},
 primaryClass = {astro-ph.SR},
       adsurl = {https://ui.adsabs.harvard.edu/abs/2016ApJ...831...11S},
      adsnote = {Provided by the SAO/NASA Astrophysics Data System}
}

@ARTICLE{denissenkov2010,
       author = {{Denissenkov}, Pavel A. and {Pinsonneault}, Marc and
         {Terndrup {\it et al}}, Donald M.},
        title = "{Angular Momentum Transport in Solar-type Stars: Testing the Timescale for Core-Envelope Coupling}",
      journal = {\apj},
     keywords = {stars: evolution, stars: interiors, Sun: rotation, Astrophysics - Solar and Stellar Astrophysics},
         year = 2010,
        month = jun,
       volume = {716},
       number = {2},
        pages = {1269-1287},
          doi = {10.1088/0004-637X/716/2/1269},
archivePrefix = {arXiv},
       eprint = {0911.1121},
 primaryClass = {astro-ph.SR},
       adsurl = {https://ui.adsabs.harvard.edu/abs/2010ApJ...716.1269D},
      adsnote = {Provided by the SAO/NASA Astrophysics Data System}
}

@ARTICLE{gallet2013,
       author = {{Gallet}, F. and {Bouvier}, J.},
        title = "{Improved angular momentum evolution model for solar-like stars}",
      journal = {\aap},
     keywords = {stars: solar-type, stars: evolution, stars: rotation, stars: mass-loss, stars: magnetic field, Astrophysics - Solar and Stellar Astrophysics},
         year = 2013,
        month = aug,
       volume = {556},
          eid = {A36},
        pages = {A36},
          doi = {10.1051/0004-6361/201321302},
archivePrefix = {arXiv},
       eprint = {1306.2130},
 primaryClass = {astro-ph.SR},
       adsurl = {https://ui.adsabs.harvard.edu/abs/2013A&A...556A..36G},
      adsnote = {Provided by the SAO/NASA Astrophysics Data System}
}

@ARTICLE{macgregor1991,
       author = {{MacGregor}, K.~B. and {Brenner}, M.},
        title = "{Rotational Evolution of Solar-Type Stars. I. Main-Sequence Evolution}",
      journal = {\apj},
     keywords = {Magnetic Stars, Main Sequence Stars, Stellar Evolution, Stellar Interiors, Stellar Rotation, Stellar Winds, Angular Momentum, Angular Velocity, Momentum Transfer, Stellar Magnetic Fields, Stellar Models, Astrophysics, STARS: EVOLUTION, STARS: INTERIORS, STARS: MAGNETIC, STARS: ROTATION, STARS: WINDS},
         year = 1991,
        month = jul,
       volume = {376},
        pages = {204},
          doi = {10.1086/170269},
       adsurl = {https://ui.adsabs.harvard.edu/abs/1991ApJ...376..204M},
      adsnote = {Provided by the SAO/NASA Astrophysics Data System}
}

@ARTICLE{reiners2012,
       author = {{Reiners}, Ansgar and {Mohanty}, Subhanjoy},
        title = "{Radius-dependent Angular Momentum Evolution in Low-mass Stars. I}",
      journal = {\apj},
     keywords = {stars: low-mass, stars: magnetic field, stars: rotation, Astrophysics - Solar and Stellar Astrophysics},
         year = 2012,
        month = feb,
       volume = {746},
       number = {1},
          eid = {43},
        pages = {43},
          doi = {10.1088/0004-637X/746/1/43},
archivePrefix = {arXiv},
       eprint = {1111.7071},
 primaryClass = {astro-ph.SR},
       adsurl = {https://ui.adsabs.harvard.edu/abs/2012ApJ...746...43R},
      adsnote = {Provided by the SAO/NASA Astrophysics Data System}
}

@ARTICLE{lanzafame2015,
       author = {{Lanzafame}, A.~C. and {Spada}, F.},
        title = "{Rotational evolution of slow-rotator sequence stars}",
      journal = {\aap},
     keywords = {stars: rotation, stars: evolution, stars: late-type, open clusters and associations: general, Astrophysics - Solar and Stellar Astrophysics},
         year = 2015,
        month = dec,
       volume = {584},
          eid = {A30},
        pages = {A30},
          doi = {10.1051/0004-6361/201526770},
archivePrefix = {arXiv},
       eprint = {1506.05298},
 primaryClass = {astro-ph.SR},
       adsurl = {https://ui.adsabs.harvard.edu/abs/2015A&A...584A..30L},
      adsnote = {Provided by the SAO/NASA Astrophysics Data System}
}

@ARTICLE{spada2011,
       author = {{Spada}, F. and {Lanzafame}, A.~C. and {Lanza {\it et al}}, A.~F.},
        title = "{Modelling the rotational evolution of solar-like stars: the rotational coupling time-scale}",
      journal = {\mnras},
     keywords = {methods: numerical, stars: interiors, stars: late-type, stars: pre-main-sequence, stars: rotation, Astrophysics - Solar and Stellar Astrophysics},
         year = 2011,
        month = sep,
       volume = {416},
       number = {1},
        pages = {447-456},
          doi = {10.1111/j.1365-2966.2011.19052.x},
archivePrefix = {arXiv},
       eprint = {1105.3125},
 primaryClass = {astro-ph.SR},
       adsurl = {https://ui.adsabs.harvard.edu/abs/2011MNRAS.416..447S},
      adsnote = {Provided by the SAO/NASA Astrophysics Data System}
}

@ARTICLE{bouvier2008,
       author = {{Bouvier}, J.},
        title = "{Lithium depletion and the rotational history of exoplanet host stars}",
      journal = {\aap},
     keywords = {planetary systems: formation, stars: rotation, stars: abundances, stars: pre-main sequence, accretion, accretion disks, hydrodynamics, Astrophysics},
         year = 2008,
        month = oct,
       volume = {489},
       number = {3},
        pages = {L53-L56},
          doi = {10.1051/0004-6361:200810574},
archivePrefix = {arXiv},
       eprint = {0808.3917},
 primaryClass = {astro-ph},
       adsurl = {https://ui.adsabs.harvard.edu/abs/2008A&A...489L..53B},
      adsnote = {Provided by the SAO/NASA Astrophysics Data System}
}

@ARTICLE{irwin2007,
       author = {{Irwin}, Jonathan and {Hodgkin}, Simon and {Aigrain {\it et al}}, Suzanne},
        title = "{The Monitor project: rotation of low-mass stars in the open cluster NGC2516}",
      journal = {\mnras},
     keywords = {techniques: photometric, surveys, stars: rotation, open clusters and associations: individual: NGC2516, Astrophysics},
         year = 2007,
        month = may,
       volume = {377},
       number = {2},
        pages = {741-758},
          doi = {10.1111/j.1365-2966.2007.11640.x},
archivePrefix = {arXiv},
       eprint = {astro-ph/0702518},
 primaryClass = {astro-ph},
       adsurl = {https://ui.adsabs.harvard.edu/abs/2007MNRAS.377..741I},
      adsnote = {Provided by the SAO/NASA Astrophysics Data System}
}

@article{astropy2013,
Adsnote = {Provided by the SAO/NASA Astrophysics Data System},
Adsurl = {http://adsabs.harvard.edu/abs/2013A%26A...558A..33A},
Archiveprefix = {arXiv},
Author = {{Astropy Collaboration} and {Robitaille}, T.~P. and {Tollerud {\it et al}}, E.~J.},
Doi = {10.1051/0004-6361/201322068},
Eid = {A33},
Eprint = {1307.6212},
Journal = {\aap},
Keywords = {methods: data analysis, methods: miscellaneous, virtual observatory tools},
Month = oct,
Pages = {A33},
Primaryclass = {astro-ph.IM},
Title = {{Astropy: A community Python package for astronomy}},
Volume = 558,
Year = 2013,
Bdsk-Url-1 = {https://dx.doi.org/10.1051/0004-6361/201322068}}

@article{astropy2018,
    Adsnote = {Provided by the SAO/NASA Astrophysics Data System},
    Adsurl = {https://ui.adsabs.harvard.edu/#abs/2018AJ....156..123T},
    Author = {{Price-Whelan}, A.~M. and {Sip{\H{o}}cz}, B.~M. and {G{\"u}nther {\it et al}}, H.~M.},
    doi = {10.3847/1538-3881/aabc4f},
    Eid = {123},
    Journal = {\aj},
    Keywords = {methods: data analysis, methods: miscellaneous, methods: statistical, reference systems, Astrophysics - Instrumentation and Methods for Astrophysics},
    Month = Sep,
    Pages = {123},
    Primaryclass = {astro-ph.IM},
    Title = {{The Astropy Project: Building an Open-science Project and Status of the v2.0 Core Package}},
    Volume = {156},
    Year = 2018,
    Bdsk-Url-1 = {https://doi.org/10.3847/1538-3881/aabc4f}}

@ARTICLE{epstein2014,
   author = {{Epstein}, C.~R. and {Pinsonneault}, M.~H.},
    title = "{How Good a Clock is Rotation? The Stellar Rotation-Mass-Age Relationship for Old Field Stars}",
  journal = {\apj},
archivePrefix = "arXiv",
   eprint = {1203.1618},
 primaryClass = "astro-ph.SR",
 keywords = {stars: evolution, stars: late-type, stars: rotation},
     year = 2014,
    month = jan,
   volume = 780,
      eid = {159},
    pages = {159},
      doi = {10.1088/0004-637X/780/2/159},
   adsurl = {http://adsabs.harvard.edu/abs/2014ApJ...780..159E},
  adsnote = {Provided by the SAO/NASA Astrophysics Data System}
}

@ARTICLE{ricker2015,
       author = {{Ricker}, George R. and {Winn}, Joshua N. and {Vanderspek {\it et al}}, Roland},
        title = "{Transiting Exoplanet Survey Satellite (TESS)}",
      journal = {Journal of Astronomical Telescopes, Instruments, and Systems},
         year = 2015,
        month = jan,
       volume = {1},
          eid = {014003},
        pages = {014003},
          doi = {10.1117/1.JATIS.1.1.014003},
       adsurl = {https://ui.adsabs.harvard.edu/abs/2015JATIS...1a4003R},
      adsnote = {Provided by the SAO/NASA Astrophysics Data System}
}

@ARTICLE{najita2016,
       author = {{Najita}, Joan and {Willman}, Beth and {Finkbeiner {\it et al}}, Douglas P.},
        title = "{Maximizing Science in the Era of LSST: A Community-Based Study of Needed US Capabilities}",
      journal = {arXiv e-prints},
     keywords = {Astrophysics - Instrumentation and Methods for Astrophysics},
         year = 2016,
        month = oct,
          eid = {arXiv:1610.01661},
        pages = {arXiv:1610.01661},
archivePrefix = {arXiv},
       eprint = {1610.01661},
 primaryClass = {astro-ph.IM},
       adsurl = {https://ui.adsabs.harvard.edu/abs/2016arXiv161001661N},
      adsnote = {Provided by the SAO/NASA Astrophysics Data System}
}

@ARTICLE{stromberg1946,
       author = {{Str{\"o}mberg}, Gustaf},
        title = "{The Motions of the Stars Within 20 Parsecs of the Sun.}",
      journal = {\apj},
         year = 1946,
        month = jul,
       volume = {104},
        pages = {12},
          doi = {10.1086/144830},
       adsurl = {https://ui.adsabs.harvard.edu/abs/1946ApJ...104...12S},
      adsnote = {Provided by the SAO/NASA Astrophysics Data System}
}

@ARTICLE{wielen1977,
       author = {{Wielen}, R.},
        title = "{The Diffusion of Stellar Orbits Derived from the Observed Age-Dependence of the Velocity Dispersion}",
      journal = {\aap},
     keywords = {Diffusion Coefficient, Orbital Mechanics, Stellar Evolution, Stellar Motions, Stellar Orbits, Velocity Distribution, Age Factor, Galactic Structure, Gravitational Fields, Stellar Models, Astrophysics},
         year = 1977,
        month = sep,
       volume = {60},
       number = {2},
        pages = {263-275},
       adsurl = {https://ui.adsabs.harvard.edu/abs/1977A&A....60..263W},
      adsnote = {Provided by the SAO/NASA Astrophysics Data System}
}

@ARTICLE{santos2019,
       author = {{Santos}, A.~R.~G. and {Garc{\'\i}a}, R.~A. and {Mathur {\it et al}}, S.},
        title = "{Surface Rotation and Photometric Activity for Kepler Targets. I. M and K Main-sequence Stars}",
      journal = {\apjs},
     keywords = {methods: data analysis, stars: activity, stars: low-mass, stars: rotation, starspots, techniques: photometric, Astrophysics - Solar and Stellar Astrophysics},
         year = 2019,
        month = sep,
       volume = {244},
       number = {1},
          eid = {21},
        pages = {21},
          doi = {10.3847/1538-4365/ab3b56},
archivePrefix = {arXiv},
       eprint = {1908.05222},
 primaryClass = {astro-ph.SR},
       adsurl = {https://ui.adsabs.harvard.edu/abs/2019ApJS..244...21S},
      adsnote = {Provided by the SAO/NASA Astrophysics Data System}
}

@ARTICLE{foreman-mackey2013,
       author = {{Foreman-Mackey}, Daniel and {Hogg}, David W. and {Lang {\it et al}}, Dustin},
        title = "{emcee: The MCMC Hammer}",
      journal = {\pasp},
     keywords = {Astrophysics - Instrumentation and Methods for Astrophysics, Physics - Computational Physics, Statistics - Computation},
         year = 2013,
        month = mar,
       volume = {125},
       number = {925},
        pages = {306},
          doi = {10.1086/670067},
archivePrefix = {arXiv},
       eprint = {1202.3665},
 primaryClass = {astro-ph.IM},
       adsurl = {https://ui.adsabs.harvard.edu/abs/2013PASP..125..306F},
      adsnote = {Provided by the SAO/NASA Astrophysics Data System}
}

@ARTICLE{bailer-jones2015,
       author = {{Bailer-Jones}, Coryn A.~L.},
        title = "{Estimating Distances from Parallaxes}",
      journal = {\pasp},
     keywords = {Astrophysics - Instrumentation and Methods for Astrophysics, Astrophysics - Astrophysics of Galaxies, Astrophysics - Solar and Stellar Astrophysics},
         year = 2015,
        month = oct,
       volume = {127},
       number = {956},
        pages = {994},
          doi = {10.1086/683116},
archivePrefix = {arXiv},
       eprint = {1507.02105},
 primaryClass = {astro-ph.IM},
       adsurl = {https://ui.adsabs.harvard.edu/abs/2015PASP..127..994B},
      adsnote = {Provided by the SAO/NASA Astrophysics Data System}
}

@ARTICLE{west2004,
       author = {{West}, Andrew A. and {Hawley}, Suzanne L. and {Walkowicz {\it et al}}, Lucianne M.},
        title = "{Spectroscopic Properties of Cool Stars in the Sloan Digital Sky Survey: An Analysis of Magnetic Activity and a Search for Subdwarfs}",
      journal = {\aj},
     keywords = {Galaxy: Structure, Galaxy: Solar Neighborhood, Stars: Activity, Stars: Late-Type, Stars: Low-Mass, Brown Dwarfs, Stars: Subdwarfs, Astrophysics},
         year = 2004,
        month = jul,
       volume = {128},
       number = {1},
        pages = {426-436},
          doi = {10.1086/421364},
archivePrefix = {arXiv},
       eprint = {astro-ph/0403486},
 primaryClass = {astro-ph},
       adsurl = {https://ui.adsabs.harvard.edu/abs/2004AJ....128..426W},
      adsnote = {Provided by the SAO/NASA Astrophysics Data System}
}

@ARTICLE{west2006,
       author = {{West}, Andrew A. and {Bochanski}, John J. and {Hawley {\it et al}}, Suzanne L.},
        title = "{Using the Galactic Dynamics of M7 Dwarfs to Infer the Evolution of Their Magnetic Activity}",
      journal = {\aj},
     keywords = {Galaxy: Kinematics and Dynamics, Galaxy: Structure, Galaxy: Solar Neighborhood, Stars: Activity, Stars: Late-Type, Stars: Low-Mass, Brown Dwarfs, Astrophysics},
         year = 2006,
        month = dec,
       volume = {132},
       number = {6},
        pages = {2507-2512},
          doi = {10.1086/508652},
archivePrefix = {arXiv},
       eprint = {astro-ph/0609001},
 primaryClass = {astro-ph},
       adsurl = {https://ui.adsabs.harvard.edu/abs/2006AJ....132.2507W},
      adsnote = {Provided by the SAO/NASA Astrophysics Data System}
}

@ARTICLE{west2008,
       author = {{West}, Andrew A. and {Hawley}, Suzanne L. and {Bochanski {\it et al}}, John J.},
        title = "{Constraining the Age-Activity Relation for Cool Stars: The Sloan Digital Sky Survey Data Release 5 Low-Mass Star Spectroscopic Sample}",
      journal = {\aj},
     keywords = {solar neighborhood, Galaxy: kinematics and dynamics, Galaxy: structure, stars: activity, stars: late-type, stars: low-mass, brown dwarfs, Astrophysics},
         year = 2008,
        month = mar,
       volume = {135},
       number = {3},
        pages = {785-795},
          doi = {10.1088/0004-6256/135/3/785},
archivePrefix = {arXiv},
       eprint = {0712.1590},
 primaryClass = {astro-ph},
       adsurl = {https://ui.adsabs.harvard.edu/abs/2008AJ....135..785W},
      adsnote = {Provided by the SAO/NASA Astrophysics Data System}
}

@ARTICLE{brown2018,
       author = {{Gaia Collaboration} and {Brown}, A.~G.~A. and {Vallenari {\it et al.}}, A.},
        title = "{Gaia Data Release 2. Summary of the contents and survey properties}",
      journal = {\aap},
     keywords = {catalogs, astrometry, techniques: radial velocities, stars: fundamental parameters, stars: variables: general, minor planets, asteroids: general, Astrophysics - Astrophysics of Galaxies, Astrophysics - Instrumentation and Methods for Astrophysics},
         year = 2018,
        month = aug,
       volume = {616},
          eid = {A1},
        pages = {A1},
          doi = {10.1051/0004-6361/201833051},
archivePrefix = {arXiv},
       eprint = {1804.09365},
 primaryClass = {astro-ph.GA},
       adsurl = {https://ui.adsabs.harvard.edu/abs/2018A&A...616A...1G},
      adsnote = {Provided by the SAO/NASA Astrophysics Data System}
}

@ARTICLE{cui2012,
       author = {{Cui}, Xiang-Qun and {Zhao}, Yong-Heng and {Chu {\it et al.}}, Yao-Quan},
        title = "{The Large Sky Area Multi-Object Fiber Spectroscopic Telescope (LAMOST)}",
      journal = {Research in Astronomy and Astrophysics},
         year = 2012,
        month = sep,
       volume = {12},
       number = {9},
        pages = {1197-1242},
          doi = {10.1088/1674-4527/12/9/003},
       adsurl = {https://ui.adsabs.harvard.edu/abs/2012RAA....12.1197C},
      adsnote = {Provided by the SAO/NASA Astrophysics Data System}
}

@ARTICLE{xiang2019,
       author = {{Xiang}, Maosheng and {Ting}, Yuan-Sen and {Rix {\it et al.}}, Hans-Walter},
        title = "{Abundance Estimates for 16 Elements in 6 Million Stars from LAMOST DR5 Low-Resolution Spectra}",
      journal = {\apjs},
     keywords = {Spectroscopy, Spectroscopic binary stars, Stellar atmospheres, Stellar abundances, Astronomy databases, Stellar properties, Stellar spectral lines, Astronomy data analysis, Sky surveys, Fundamental parameters of stars, Milky Way Galaxy, Astronomy data modeling, Astrophysics - Solar and Stellar Astrophysics, Astrophysics - Astrophysics of Galaxies, Astrophysics - Instrumentation and Methods for Astrophysics},
         year = 2019,
        month = dec,
       volume = {245},
       number = {2},
          eid = {34},
        pages = {34},
          doi = {10.3847/1538-4365/ab5364},
archivePrefix = {arXiv},
       eprint = {1908.09727},
 primaryClass = {astro-ph.SR},
       adsurl = {https://ui.adsabs.harvard.edu/abs/2019ApJS..245...34X},
      adsnote = {Provided by the SAO/NASA Astrophysics Data System}
}

@ARTICLE{soderblom2010,
       author = {{Soderblom}, David R.},
        title = "{The Ages of Stars}",
      journal = {\araa},
     keywords = {Astrophysics - Solar and Stellar Astrophysics},
         year = 2010,
        month = sep,
       volume = {48},
        pages = {581-629},
          doi = {10.1146/annurev-astro-081309-130806},
archivePrefix = {arXiv},
       eprint = {1003.6074},
 primaryClass = {astro-ph.SR},
       adsurl = {https://ui.adsabs.harvard.edu/abs/2010ARA&A..48..581S},
      adsnote = {Provided by the SAO/NASA Astrophysics Data System}
}

@ARTICLE{claytor2020,
       author = {{Claytor}, Zachary R. and {van Saders}, Jennifer L. and {Santos}, {\^A}ngela R.~G. and {Garc{\'\i}a}, Rafael A. and {Mathur}, Savita and {Tayar}, Jamie and {Pinsonneault}, Marc H. and {Shetrone}, Matthew},
        title = "{Chemical Evolution in the Milky Way: Rotation-based Ages for APOGEE-Kepler Cool Dwarf Stars}",
      journal = {\apj},
     keywords = {Stellar rotation, Stellar ages, Stellar evolution, Galaxy chemical evolution, 1629, 1581, 1599, 580, Astrophysics - Solar and Stellar Astrophysics, Astrophysics - Astrophysics of Galaxies},
         year = 2020,
        month = jan,
       volume = {888},
       number = {1},
          eid = {43},
        pages = {43},
          doi = {10.3847/1538-4357/ab5c24},
archivePrefix = {arXiv},
       eprint = {1911.04518},
 primaryClass = {astro-ph.SR},
       adsurl = {https://ui.adsabs.harvard.edu/abs/2020ApJ...888...43C},
      adsnote = {Provided by the SAO/NASA Astrophysics Data System}
}

@ARTICLE{agueros2018,
       author = {{Ag{\"u}eros}, M.~A. and {Bowsher}, E.~C. and {Bochanski}, J.~J. and {Cargile}, P.~A. and {Covey}, K.~R. and {Douglas}, S.~T. and {Kraus}, A. and {Kundert}, A. and {Law}, N.~M. and {Ahmadi}, A. and {Arce}, H.~G.},
        title = "{A New Look at an Old Cluster: The Membership, Rotation, and Magnetic Activity of Low-mass Stars in the 1.3 Gyr Old Open Cluster NGC 752}",
      journal = {\apj},
     keywords = {open clusters and associations: individual: NGC 752, stars: activity, stars: rotation, Astrophysics - Solar and Stellar Astrophysics, Astrophysics - Astrophysics of Galaxies},
         year = 2018,
        month = jul,
       volume = {862},
       number = {1},
          eid = {33},
        pages = {33},
          doi = {10.3847/1538-4357/aac6ed},
archivePrefix = {arXiv},
       eprint = {1804.02016},
 primaryClass = {astro-ph.SR},
       adsurl = {https://ui.adsabs.harvard.edu/abs/2018ApJ...862...33A},
      adsnote = {Provided by the SAO/NASA Astrophysics Data System}
}

@ARTICLE{lu2021,
       author = {{Lu} and {Yuxi} and {Angus}, Ruth and {Curtis}, Jason L. and {David}, Trevor J. and {Kiman}, Rocio},
        title = "{Gyro-Kinematic Ages for around 30,000 Kepler Stars}",
      journal = {arXiv e-prints},
     keywords = {Astrophysics - Solar and Stellar Astrophysics},
         year = 2021,
        month = feb,
          eid = {arXiv:2102.01772},
        pages = {arXiv:2102.01772},
archivePrefix = {arXiv},
       eprint = {2102.01772},
 primaryClass = {astro-ph.SR},
       adsurl = {https://ui.adsabs.harvard.edu/abs/2021arXiv210201772Y},
      adsnote = {Provided by the SAO/NASA Astrophysics Data System}
}

@ARTICLE{angus2020,
       author = {{Angus}, Ruth and {Beane}, Angus and {Price-Whelan}, Adrian M. and {Newton}, Elisabeth and {Curtis}, Jason L. and {Berger}, Travis and {van Saders}, Jennifer and {Kiman}, Rocio and {Foreman-Mackey}, Daniel and {Lu}, Yuxi Lucy and {Anderson}, Lauren and {Faherty}, Jacqueline K.},
        title = "{Exploring the Evolution of Stellar Rotation Using Galactic Kinematics}",
      journal = {\aj},
     keywords = {Stellar evolution, Low mass stars, Late-type stars, Stellar phenomena, Solar analogs, Stellar activity, Milky Way disk, Milky Way dynamics, Stellar magnetic fields, 1599, 2050, 909, 1619, 1941, 1580, 1050, 1051, 1610, Astrophysics - Solar and Stellar Astrophysics, Astrophysics - Astrophysics of Galaxies},
         year = 2020,
        month = aug,
       volume = {160},
       number = {2},
          eid = {90},
        pages = {90},
          doi = {10.3847/1538-3881/ab91b2},
archivePrefix = {arXiv},
       eprint = {2005.09387},
 primaryClass = {astro-ph.SR},
       adsurl = {https://ui.adsabs.harvard.edu/abs/2020AJ....160...90A},
      adsnote = {Provided by the SAO/NASA Astrophysics Data System}
}

@ARTICLE{oh2017,
       author = {{Oh}, Semyeong and {Price-Whelan}, Adrian M. and {Hogg}, David W. and {Morton}, Timothy D. and {Spergel}, David N.},
        title = "{Comoving Stars in Gaia DR1: An Abundance of Very Wide Separation Comoving Pairs}",
      journal = {\aj},
     keywords = {binaries: visual, methods: statistical, open clusters and associations: general, parallaxes, proper motions, stars: formation, Astrophysics - Solar and Stellar Astrophysics, Astrophysics - Astrophysics of Galaxies},
         year = 2017,
        month = jun,
       volume = {153},
       number = {6},
          eid = {257},
        pages = {257},
          doi = {10.3847/1538-3881/aa6ffd},
archivePrefix = {arXiv},
       eprint = {1612.02440},
 primaryClass = {astro-ph.SR},
       adsurl = {https://ui.adsabs.harvard.edu/abs/2017AJ....153..257O},
      adsnote = {Provided by the SAO/NASA Astrophysics Data System}
}

@ARTICLE{gaia,
       author = {{Gaia Collaboration} and {Prusti}, T. and {de Bruijne}, J.~H.~J. and {Brown}, A.~G.~A. {{\it et al.}}},
        title = "{The Gaia mission}",
      journal = {\aap},
     keywords = {space vehicles: instruments, Galaxy: structure, astrometry, parallaxes, proper motions, telescopes, Astrophysics - Instrumentation and Methods for Astrophysics},
         year = 2016,
        month = nov,
       volume = {595},
          eid = {A1},
        pages = {A1},
          doi = {10.1051/0004-6361/201629272},
archivePrefix = {arXiv},
       eprint = {1609.04153},
 primaryClass = {astro-ph.IM},
       adsurl = {https://ui.adsabs.harvard.edu/abs/2016A&A...595A...1G},
      adsnote = {Provided by the SAO/NASA Astrophysics Data System}
}


@ARTICLE{gaia_dr2,
       author = {{Gaia Collaboration} and {Brown}, A.~G.~A. and {Vallenari}, A. and {Prusti}, T. {{\it et al}}},
        title = "{Gaia Data Release 2. Summary of the contents and survey properties}",
      journal = {\aap},
     keywords = {catalogs, astrometry, techniques: radial velocities, stars: fundamental parameters, stars: variables: general, minor planets, asteroids: general, Astrophysics - Astrophysics of Galaxies, Astrophysics - Instrumentation and Methods for Astrophysics},
         year = 2018,
        month = aug,
       volume = {616},
          eid = {A1},
        pages = {A1},
          doi = {10.1051/0004-6361/201833051},
archivePrefix = {arXiv},
       eprint = {1804.09365},
 primaryClass = {astro-ph.GA},
       adsurl = {https://ui.adsabs.harvard.edu/abs/2018A&A...616A...1G},
      adsnote = {Provided by the SAO/NASA Astrophysics Data System}
}

@ARTICLE{gaia_edr3,
       author = {{Gaia Collaboration} and {Brown}, A.~G.~A. and {Vallenari}, A. and {Prusti}, T. and {de Bruijne}, J.~H.~J. and {Babusiaux}, C. and {Biermann}, M.},
        title = "{Gaia Early Data Release 3: Summary of the contents and survey properties}",
      journal = {arXiv e-prints},
     keywords = {Astrophysics - Astrophysics of Galaxies},
         year = 2020,
        month = dec,
          eid = {arXiv:2012.01533},
        pages = {arXiv:2012.01533},
archivePrefix = {arXiv},
       eprint = {2012.01533},
 primaryClass = {astro-ph.GA},
       adsurl = {https://ui.adsabs.harvard.edu/abs/2020arXiv201201533G},
      adsnote = {Provided by the SAO/NASA Astrophysics Data System}
}

@ARTICLE{mackereth2019,
       author = {{Mackereth}, J. Ted and {Bovy}, Jo and {Leung}, Henry W. and {Schiavon}, Ricardo P. and {Trick}, Wilma H. and {Chaplin}, William J. and {Cunha}, Katia and {Feuillet}, Diane K. and {Majewski}, Steven R. and {Martig}, Marie and {Miglio}, Andrea and {Nidever}, David and {Pinsonneault}, Marc H. and {Aguirre}, Victor Silva and {Sobeck}, Jennifer and {Tayar}, Jamie and {Zasowski}, Gail},
        title = "{Dynamical heating across the Milky Way disc using APOGEE and Gaia}",
      journal = {\mnras},
     keywords = {Galaxy: disc, Galaxy: evolution, Galaxy: formation, Galaxy: kinematics and dynamics, Galaxy: stellar content, Astrophysics - Astrophysics of Galaxies},
         year = 2019,
        month = oct,
       volume = {489},
       number = {1},
        pages = {176-195},
          doi = {10.1093/mnras/stz1521},
archivePrefix = {arXiv},
       eprint = {1901.04502},
 primaryClass = {astro-ph.GA},
       adsurl = {https://ui.adsabs.harvard.edu/abs/2019MNRAS.489..176M},
      adsnote = {Provided by the SAO/NASA Astrophysics Data System}
}

@ARTICLE{sharma2021,
       author = {{Sharma}, Sanjib and {Hayden}, Michael R. and {Bland-Hawthorn}, Joss and {Stello}, Dennis and {Buder}, Sven and {Zinn}, Joel C. and {Kallinger}, Thomas and {Asplund}, Martin and {De Silva}, Gayandhi M. and {D'Orazi}, Valentina and {Freeman}, Ken and {Kos}, Janez and {Lewis}, Geraint F. and {Lin}, Jane and {Lind}, Karin and {Martell}, Sarah and {Simpson}, Jeffrey D. and {Wittenmyer}, Rob A. and {Zucker}, Daniel B. and {Zwitter}, Tomaz and {Chen}, Boquan and {Cotar}, Klemen and {Esdaile}, James and {Hon}, Marc and {Horner}, Jonathan and {Huber}, Daniel and {Kafle}, Prajwal R. and {Khanna}, Shourya and {Ting}, Yuan-Sen and {Nataf}, David M. and {Nordlander}, Thomas and {Saadon}, Mohd Hafiz Mohd and {Tepper-Garcia}, Thor and {Tinney}, C.~G. and {Traven}, Gregor and {Watson}, Fred and {Wright}, Duncan and {Wyse}, Rosemary F.~G.},
        title = "{Fundamental relations for the velocity dispersion of stars in the Milky Way}",
      journal = {\mnras},
     keywords = {Galaxy: disc, Galaxy: evolution, Galaxy: formation, Galaxy: kinematics and dynamics, Astrophysics - Astrophysics of Galaxies},
         year = 2021,
        month = sep,
       volume = {506},
       number = {2},
        pages = {1761-1776},
          doi = {10.1093/mnras/stab1086},
archivePrefix = {arXiv},
       eprint = {2004.06556},
 primaryClass = {astro-ph.GA},
       adsurl = {https://ui.adsabs.harvard.edu/abs/2021MNRAS.506.1761S},
      adsnote = {Provided by the SAO/NASA Astrophysics Data System}
}

@ARTICLE{apogee_dr16,
       author = {{Ahumada}, Romina and {Prieto}, Carlos Allende and {Almeida}, Andr{\'e}s and {\it et al}},
        title = "{The 16th Data Release of the Sloan Digital Sky Surveys: First Release from the APOGEE-2 Southern Survey and Full Release of eBOSS Spectra}",
      journal = {\apjs},
     keywords = {Astronomy databases, Optical telescopes, Infrared astronomy, Redshift surveys, Galactic abundances, Stellar spectral lines, Stellar properties, 83, 1174, 786, 1378, 2002, 1630, 1624, Astrophysics - Astrophysics of Galaxies, Astrophysics - Cosmology and Nongalactic Astrophysics, Astrophysics - Instrumentation and Methods for Astrophysics},
         year = 2020,
        month = jul,
       volume = {249},
       number = {1},
          eid = {3},
        pages = {3},
          doi = {10.3847/1538-4365/ab929e},
archivePrefix = {arXiv},
       eprint = {1912.02905},
 primaryClass = {astro-ph.GA},
       adsurl = {https://ui.adsabs.harvard.edu/abs/2020ApJS..249....3A},
      adsnote = {Provided by the SAO/NASA Astrophysics Data System}
}

@ARTICLE{numpy,
       author = {{Harris}, Charles R. and {Millman}, K. Jarrod and {van der Walt}, St{\'e}fan J. and {Gommers}, Ralf and {Virtanen}, Pauli and {Cournapeau}, David and {Wieser}, Eric and {Taylor}, Julian and {Berg}, Sebastian and {Smith}, Nathaniel J. and {Kern}, Robert and {Picus}, Matti and {Hoyer}, Stephan and {van Kerkwijk}, Marten H. and {Brett}, Matthew and {Haldane}, Allan and {del R{\'\i}o}, Jaime Fern{\'a}ndez and {Wiebe}, Mark and {Peterson}, Pearu and {G{\'e}rard-Marchant}, Pierre and {Sheppard}, Kevin and {Reddy}, Tyler and {Weckesser}, Warren and {Abbasi}, Hameer and {Gohlke}, Christoph and {Oliphant}, Travis E.},
        title = "{Array programming with NumPy}",
      journal = {\nat},
     keywords = {Computer Science - Mathematical Software, Statistics - Computation},
         year = 2020,
        month = sep,
       volume = {585},
       number = {7825},
        pages = {357-362},
          doi = {10.1038/s41586-020-2649-2},
archivePrefix = {arXiv},
       eprint = {2006.10256},
 primaryClass = {cs.MS},
       adsurl = {https://ui.adsabs.harvard.edu/abs/2020Natur.585..357H},
      adsnote = {Provided by the SAO/NASA Astrophysics Data System}
}

@ARTICLE{theano,
       author = {{The Theano Development Team} and {Al-Rfou}, Rami and {Alain}, Guillaume and {Almahairi}, Amjad and {Angermueller}, Christof and {Bahdanau}, Dzmitry and {Ballas}, Nicolas and {Bastien}, Fr{\'e}d{\'e}ric and {Bayer}, Justin and {Belikov}, Anatoly and {Belopolsky}, Alexander and {Bengio}, Yoshua and {Bergeron}, Arnaud and {Bergstra}, James and {Bisson}, Valentin and {Bleecher Snyder}, Josh and {Bouchard}, Nicolas and {Boulanger-Lewandowski}, Nicolas and {Bouthillier}, Xavier and {de Br{\'e}bisson}, Alexandre and {Breuleux}, Olivier and {Carrier}, Pierre-Luc and {Cho}, Kyunghyun and {Chorowski}, Jan and {Christiano}, Paul and {Cooijmans}, Tim and {C{\^o}t{\'e}}, Marc-Alexandre and {C{\^o}t{\'e}}, Myriam and {Courville}, Aaron and {Dauphin}, Yann N. and {Delalleau}, Olivier and {Demouth}, Julien and {Desjardins}, Guillaume and {Dieleman}, Sander and {Dinh}, Laurent and {Ducoffe}, M{\'e}lanie and {Dumoulin}, Vincent and {Ebrahimi Kahou}, Samira and {Erhan}, Dumitru and {Fan}, Ziye and {Firat}, Orhan and {Germain}, Mathieu and {Glorot}, Xavier and {Goodfellow}, Ian and {Graham}, Matt and {Gulcehre}, Caglar and {Hamel}, Philippe and {Harlouchet}, Iban and {Heng}, Jean-Philippe and {Hidasi}, Bal{\'a}zs and {Honari}, Sina and {Jain}, Arjun and {Jean}, S{\'e}bastien and {Jia}, Kai and {Korobov}, Mikhail and {Kulkarni}, Vivek and {Lamb}, Alex and {Lamblin}, Pascal and {Larsen}, Eric and {Laurent}, C{\'e}sar and {Lee}, Sean and {Lefrancois}, Simon and {Lemieux}, Simon and {L{\'e}onard}, Nicholas and {Lin}, Zhouhan and {Livezey}, Jesse A. and {Lorenz}, Cory and {Lowin}, Jeremiah and {Ma}, Qianli and {Manzagol}, Pierre-Antoine and {Mastropietro}, Olivier and {McGibbon}, Robert T. and {Memisevic}, Roland and {van Merri{\"e}nboer}, Bart and {Michalski}, Vincent and {Mirza}, Mehdi and {Orlandi}, Alberto and {Pal}, Christopher and {Pascanu}, Razvan and {Pezeshki}, Mohammad and {Raffel}, Colin and {Renshaw}, Daniel and {Rocklin}, Matthew and {Romero}, Adriana and {Roth}, Markus and {Sadowski}, Peter and {Salvatier}, John and {Savard}, Fran{\c{c}}ois and {Schl{\"u}ter}, Jan and {Schulman}, John and {Schwartz}, Gabriel and {Vlad Serban}, Iulian and {Serdyuk}, Dmitriy and {Shabanian}, Samira and {Simon}, {\'E}tienne and {Spieckermann}, Sigurd and {Ramana Subramanyam}, S. and {Sygnowski}, Jakub and {Tanguay}, J{\'e}r{\'e}mie and {van Tulder}, Gijs and {Turian}, Joseph and {Urban}, Sebastian and {Vincent}, Pascal and {Visin}, Francesco and {de Vries}, Harm and {Warde-Farley}, David and {Webb}, Dustin J. and {Willson}, Matthew and {Xu}, Kelvin and {Xue}, Lijun and {Yao}, Li and {Zhang}, Saizheng and {Zhang}, Ying},
        title = "{Theano: A Python framework for fast computation of mathematical expressions}",
      journal = {arXiv e-prints},
     keywords = {Computer Science - Symbolic Computation, Computer Science - Machine Learning, Computer Science - Mathematical Software},
         year = 2016,
        month = may,
          eid = {arXiv:1605.02688},
        pages = {arXiv:1605.02688},
archivePrefix = {arXiv},
       eprint = {1605.02688},
 primaryClass = {cs.SC},
       adsurl = {https://ui.adsabs.harvard.edu/abs/2016arXiv160502688T},
      adsnote = {Provided by the SAO/NASA Astrophysics Data System}
}

@MISC{pymc3,
       author = {{Salvatier}, John and {Wiecki}, Thomas V. and
         {Fonnesbeck}, Christopher},
        title = "{PyMC3: Python probabilistic programming framework}",
     keywords = {Software},
         year = 2016,
        month = oct,
          eid = {ascl:1610.016},
        pages = {ascl:1610.016},
archivePrefix = {ascl},
       eprint = {1610.016},
       adsurl = {https://ui.adsabs.harvard.edu/abs/2016ascl.soft10016S},
      adsnote = {Provided by the SAO/NASA Astrophysics Data System}
}

@MISC{exoplanet,
       author = {{Foreman-Mackey}, Dan and {Barentsen}, Geert},
        title = "{dfm/exoplanet: exoplanet v0.1.3}",
         year = 2019,
        month = jan,
          eid = {10.5281/zenodo.2536576},
          doi = {10.5281/zenodo.2536576},
      version = {v0.1.3},
    publisher = {Zenodo},
       adsurl = {https://ui.adsabs.harvard.edu/abs/2019zndo...2536576F},
      adsnote = {Provided by the SAO/NASA Astrophysics Data System}
}

@ARTICLE{dropulic2021,
       author = {{Dropulic}, Adriana and {Ostdiek}, Bryan and {Chang}, Laura J. and {Liu}, Hongwan and {Cohen}, Timothy and {Lisanti}, Mariangela},
        title = "{Machine Learning the 6th Dimension: Stellar Radial Velocities from 5D Phase-Space Correlations}",
      journal = {arXiv e-prints},
     keywords = {Astrophysics - Astrophysics of Galaxies, High Energy Physics - Phenomenology, Physics - Data Analysis, Statistics and Probability},
         year = 2021,
        month = mar,
          eid = {arXiv:2103.14039},
        pages = {arXiv:2103.14039},
archivePrefix = {arXiv},
       eprint = {2103.14039},
 primaryClass = {astro-ph.GA},
       adsurl = {https://ui.adsabs.harvard.edu/abs/2021arXiv210314039D},
      adsnote = {Provided by the SAO/NASA Astrophysics Data System}
}

@ARTICLE{cropper2018,
       author = {{Cropper}, M. and {Katz}, D. and {Sartoretti}, P. and {Prusti}, T. and {de Bruijne}, J.~H.~J. and {Chassat}, F. and {Charvet}, P. and {Boyadjian}, J. and {Perryman}, M. and {Sarri}, G. and {Gare}, P. and {Erdmann}, M. and {Munari}, U. and {Zwitter}, T. and {Wilkinson}, M. and {Arenou}, F. and {Vallenari}, A. and {G{\'o}mez}, A. and {Panuzzo}, P. and {Seabroke}, G. and {Allende Prieto}, C. and {Benson}, K. and {Marchal}, O. and {Huckle}, H. and {Smith}, M. and {Dolding}, C. and {Jan{\ss}en}, K. and {Viala}, Y. and {Blomme}, R. and {Baker}, S. and {Boudreault}, S. and {Crifo}, F. and {Soubiran}, C. and {Fr{\'e}mat}, Y. and {Jasniewicz}, G. and {Guerrier}, A. and {Guy}, L.~P. and {Turon}, C. and {Jean-Antoine-Piccolo}, A. and {Th{\'e}venin}, F. and {David}, M. and {Gosset}, E. and {Damerdji}, Y.},
        title = "{Gaia Data Release 2. Gaia Radial Velocity Spectrometer}",
      journal = {\aap},
     keywords = {space vehicles: instruments, instrumentation: spectrographs, surveys, techniques: spectroscopic, techniques: radial velocities, Astrophysics - Instrumentation and Methods for Astrophysics},
         year = 2018,
        month = aug,
       volume = {616},
          eid = {A5},
        pages = {A5},
          doi = {10.1051/0004-6361/201832763},
archivePrefix = {arXiv},
       eprint = {1804.09369},
 primaryClass = {astro-ph.IM},
       adsurl = {https://ui.adsabs.harvard.edu/abs/2018A&A...616A...5C},
      adsnote = {Provided by the SAO/NASA Astrophysics Data System}
}

@ARTICLE{apogee,
       author = {{Majewski}, Steven R. and {Schiavon}, Ricardo P. and {Frinchaboy}, Peter M. and {Allende Prieto}, Carlos and {Barkhouser}, Robert and {Bizyaev}, Dmitry and {Blank}, Basil and {Brunner}, Sophia and {Burton}, Adam and {Carrera}, Ricardo and {Chojnowski}, S. Drew and {Cunha}, K{\'a}tia and {Epstein}, Courtney and {Fitzgerald}, Greg and {Garc{\'\i}a P{\'e}rez}, Ana E. and {Hearty}, Fred R. and {Henderson}, Chuck and {Holtzman}, Jon A. and {Johnson}, Jennifer A. and {Lam}, Charles R. and {Lawler}, James E. and {Maseman}, Paul and {M{\'e}sz{\'a}ros}, Szabolcs and {Nelson}, Matthew and {Nguyen}, Duy Coung and {Nidever}, David L. and {Pinsonneault}, Marc and {Shetrone}, Matthew and {Smee}, Stephen and {Smith}, Verne V. and {Stolberg}, Todd and {Skrutskie}, Michael F. and {Walker}, Eric and {Wilson}, John C. and {Zasowski}, Gail and {Anders}, Friedrich and {Basu}, Sarbani and {Beland}, Stephane and {Blanton}, Michael R. and {Bovy}, Jo and {Brownstein}, Joel R. and {Carlberg}, Joleen and {Chaplin}, William and {Chiappini}, Cristina and {Eisenstein}, Daniel J. and {Elsworth}, Yvonne and {Feuillet}, Diane and {Fleming}, Scott W. and {Galbraith-Frew}, Jessica and {Garc{\'\i}a}, Rafael A. and {Garc{\'\i}a-Hern{\'a}ndez}, D. An{\'\i}bal and {Gillespie}, Bruce A. and {Girardi}, L{\'e}o and {Gunn}, James E. and {Hasselquist}, Sten and {Hayden}, Michael R. and {Hekker}, Saskia and {Ivans}, Inese and {Kinemuchi}, Karen and {Klaene}, Mark and {Mahadevan}, Suvrath and {Mathur}, Savita and {Mosser}, Beno{\^\i}t and {Muna}, Demitri and {Munn}, Jeffrey A. and {Nichol}, Robert C. and {O'Connell}, Robert W. and {Parejko}, John K. and {Robin}, A.~C. and {Rocha-Pinto}, Helio and {Schultheis}, Matthias and {Serenelli}, Aldo M. and {Shane}, Neville and {Silva Aguirre}, Victor and {Sobeck}, Jennifer S. and {Thompson}, Benjamin and {Troup}, Nicholas W. and {Weinberg}, David H. and {Zamora}, Olga},
        title = "{The Apache Point Observatory Galactic Evolution Experiment (APOGEE)}",
      journal = {\aj},
     keywords = {Galaxy: abundances, Galaxy: evolution, Galaxy: formation, Galaxy: kinematics and dynamics, Galaxy: stellar content, Galaxy: structure, Astrophysics - Instrumentation and Methods for Astrophysics, Astrophysics - Astrophysics of Galaxies},
         year = 2017,
        month = sep,
       volume = {154},
       number = {3},
          eid = {94},
        pages = {94},
          doi = {10.3847/1538-3881/aa784d},
archivePrefix = {arXiv},
       eprint = {1509.05420},
 primaryClass = {astro-ph.IM},
       adsurl = {https://ui.adsabs.harvard.edu/abs/2017AJ....154...94M},
      adsnote = {Provided by the SAO/NASA Astrophysics Data System}
}

@ARTICLE{zhao2012,
       author = {{Zhao}, Gang and {Zhao}, Yong-Heng and {Chu}, Yao-Quan and {Jing}, Yi-Peng and {Deng}, Li-Cai},
        title = "{LAMOST spectral survey {\textemdash} An overview}",
      journal = {Research in Astronomy and Astrophysics},
         year = 2012,
        month = jul,
       volume = {12},
       number = {7},
        pages = {723-734},
          doi = {10.1088/1674-4527/12/7/002},
       adsurl = {https://ui.adsabs.harvard.edu/abs/2012RAA....12..723Z},
      adsnote = {Provided by the SAO/NASA Astrophysics Data System}
}

@ARTICLE{lindegren2021,
       author = {{Lindegren}, Lennart and {Dravins}, Dainis},
        title = "{Astrometric radial velocities for nearby stars}",
      journal = {\aap},
     keywords = {astrometry, proper motions, techniques: radial velocities, methods: data analysis, white dwarfs, Astrophysics - Solar and Stellar Astrophysics, Astrophysics - Instrumentation and Methods for Astrophysics},
         year = 2021,
        month = aug,
       volume = {652},
          eid = {A45},
        pages = {A45},
          doi = {10.1051/0004-6361/202141344},
archivePrefix = {arXiv},
       eprint = {2105.09014},
 primaryClass = {astro-ph.SR},
       adsurl = {https://ui.adsabs.harvard.edu/abs/2021A&A...652A..45L},
      adsnote = {Provided by the SAO/NASA Astrophysics Data System}
}

@ARTICLE{lindegren2021b,
       author = {{Lindegren}, L. and {Bastian}, U. and {Biermann}, M. and {Bombrun}, A. and {de Torres}, A. and {Gerlach}, E. and {Geyer}, R. and {Hern{\'a}ndez}, J. and {Hilger}, T. and {Hobbs}, D. and {Klioner}, S.~A. and {Lammers}, U. and {McMillan}, P.~J. and {Ramos-Lerate}, M. and {Steidelm{\"u}ller}, H. and {Stephenson}, C.~A. and {van Leeuwen}, F.},
        title = "{Gaia Early Data Release 3. Parallax bias versus magnitude, colour, and position}",
      journal = {\aap},
     keywords = {astrometry, parallaxes, methods: data analysis, space vehicles: instruments, stars: distances, Astrophysics - Instrumentation and Methods for Astrophysics},
         year = 2021,
        month = may,
       volume = {649},
          eid = {A4},
        pages = {A4},
          doi = {10.1051/0004-6361/202039653},
archivePrefix = {arXiv},
       eprint = {2012.01742},
 primaryClass = {astro-ph.IM},
       adsurl = {https://ui.adsabs.harvard.edu/abs/2021A&A...649A...4L},
      adsnote = {Provided by the SAO/NASA Astrophysics Data System}
}

@ARTICLE{matplotlib,
       author = {{Hunter}, John D.},
        title = "{Matplotlib: A 2D Graphics Environment}",
      journal = {Computing in Science and Engineering},
     keywords = {Python, Scripting languages, Application development, Scientific programming},
         year = 2007,
        month = may,
       volume = {9},
       number = {3},
        pages = {90-95},
          doi = {10.1109/MCSE.2007.55},
       adsurl = {https://ui.adsabs.harvard.edu/abs/2007CSE.....9...90H},
      adsnote = {Provided by the SAO/NASA Astrophysics Data System}
}

@ARTICLE{seaborn,
       author = {{Waskom}, Michael},
        title = "{seaborn: statistical data visualization}",
      journal = {The Journal of Open Source Software},
     keywords = {Python, data science, statistical graphics, data visualization},
         year = 2021,
        month = apr,
       volume = {6},
       number = {60},
          eid = {3021},
        pages = {3021},
          doi = {10.21105/joss.03021},
       adsurl = {https://ui.adsabs.harvard.edu/abs/2021JOSS....6.3021W},
      adsnote = {Provided by the SAO/NASA Astrophysics Data System}
}

@ARTICLE{drimmel2018,
       author = {{Drimmel}, Ronald and {Poggio}, Eloisa},
        title = "{On the Solar Velocity}",
      journal = {Research Notes of the American Astronomical Society},
         year = 2018,
        month = nov,
       volume = {2},
       number = {4},
          eid = {210},
        pages = {210},
          doi = {10.3847/2515-5172/aaef8b},
       adsurl = {https://ui.adsabs.harvard.edu/abs/2018RNAAS...2..210D},
      adsnote = {Provided by the SAO/NASA Astrophysics Data System}
}

@ARTICLE{gravity2018,
       author = {{Gravity Collaboration} and {Abuter}, R. and {Amorim}, A. and {Anugu}, N. and {Baub{\"o}ck}, M. and {Benisty}, M. and {Berger}, J.~P. and {Blind}, N. and {Bonnet}, H. and {Brandner}, W. and {Buron}, A. and {Collin}, C. and {Chapron}, F. and {Cl{\'e}net}, Y. and {Coud{\'e} Du Foresto}, V. and {de Zeeuw}, P.~T. and {Deen}, C. and {Delplancke-Str{\"o}bele}, F. and {Dembet}, R. and {Dexter}, J. and {Duvert}, G. and {Eckart}, A. and {Eisenhauer}, F. and {Finger}, G. and {F{\"o}rster Schreiber}, N.~M. and {F{\'e}dou}, P. and {Garcia}, P. and {Garcia Lopez}, R. and {Gao}, F. and {Gendron}, E. and {Genzel}, R. and {Gillessen}, S. and {Gordo}, P. and {Habibi}, M. and {Haubois}, X. and {Haug}, M. and {Hau{\ss}mann}, F. and {Henning}, Th. and {Hippler}, S. and {Horrobin}, M. and {Hubert}, Z. and {Hubin}, N. and {Jimenez Rosales}, A. and {Jochum}, L. and {Jocou}, K. and {Kaufer}, A. and {Kellner}, S. and {Kendrew}, S. and {Kervella}, P. and {Kok}, Y. and {Kulas}, M. and {Lacour}, S. and {Lapeyr{\`e}re}, V. and {Lazareff}, B. and {Le Bouquin}, J. -B. and {L{\'e}na}, P. and {Lippa}, M. and {Lenzen}, R. and {M{\'e}rand}, A. and {M{\"u}ler}, E. and {Neumann}, U. and {Ott}, T. and {Palanca}, L. and {Paumard}, T. and {Pasquini}, L. and {Perraut}, K. and {Perrin}, G. and {Pfuhl}, O. and {Plewa}, P.~M. and {Rabien}, S. and {Ram{\'\i}rez}, A. and {Ramos}, J. and {Rau}, C. and {Rodr{\'\i}guez-Coira}, G. and {Rohloff}, R. -R. and {Rousset}, G. and {Sanchez-Bermudez}, J. and {Scheithauer}, S. and {Sch{\"o}ller}, M. and {Schuler}, N. and {Spyromilio}, J. and {Straub}, O. and {Straubmeier}, C. and {Sturm}, E. and {Tacconi}, L.~J. and {Tristram}, K.~R.~W. and {Vincent}, F. and {von Fellenberg}, S. and {Wank}, I. and {Waisberg}, I. and {Widmann}, F. and {Wieprecht}, E. and {Wiest}, M. and {Wiezorrek}, E. and {Woillez}, J. and {Yazici}, S. and {Ziegler}, D. and {Zins}, G.},
        title = "{Detection of the gravitational redshift in the orbit of the star S2 near the Galactic centre massive black hole}",
      journal = {\aap},
     keywords = {Galaxy: center, gravitation, black hole physics, Astrophysics - Astrophysics of Galaxies, General Relativity and Quantum Cosmology, Physics - Classical Physics},
         year = 2018,
        month = jul,
       volume = {615},
          eid = {L15},
        pages = {L15},
          doi = {10.1051/0004-6361/201833718},
archivePrefix = {arXiv},
       eprint = {1807.09409},
 primaryClass = {astro-ph.GA},
       adsurl = {https://ui.adsabs.harvard.edu/abs/2018A&A...615L..15G},
      adsnote = {Provided by the SAO/NASA Astrophysics Data System}
}

@ARTICLE{bennet2019,
       author = {{Bennett}, Morgan and {Bovy}, Jo},
        title = "{Vertical waves in the solar neighbourhood in Gaia DR2}",
      journal = {\mnras},
     keywords = {instabilities, Galaxy: disc, Galaxy: fundamental parameters, Galaxy: kinematics and dynamics, solar neighbourhood, Galaxy: structure, Astrophysics - Astrophysics of Galaxies},
         year = 2019,
        month = jan,
       volume = {482},
       number = {1},
        pages = {1417-1425},
          doi = {10.1093/mnras/sty2813},
archivePrefix = {arXiv},
       eprint = {1809.03507},
 primaryClass = {astro-ph.GA},
       adsurl = {https://ui.adsabs.harvard.edu/abs/2019MNRAS.482.1417B},
      adsnote = {Provided by the SAO/NASA Astrophysics Data System}
}

@ARTICLE{schonrich2012,
       author = {{Sch{\"o}nrich}, Ralph},
        title = "{Galactic rotation and solar motion from stellar kinematics}",
      journal = {\mnras},
     keywords = {stars: kinematics and dynamics, Galaxy: disc, Galaxy: fundamental parameters, Galaxy: halo, Galaxy: kinematics and dynamics, solar neighbourhood, Astrophysics - Astrophysics of Galaxies},
         year = 2012,
        month = nov,
       volume = {427},
       number = {1},
        pages = {274-287},
          doi = {10.1111/j.1365-2966.2012.21631.x},
archivePrefix = {arXiv},
       eprint = {1207.3079},
 primaryClass = {astro-ph.GA},
       adsurl = {https://ui.adsabs.harvard.edu/abs/2012MNRAS.427..274S},
      adsnote = {Provided by the SAO/NASA Astrophysics Data System}
}

@ARTICLE{hamer2019,
       author = {{Hamer}, Jacob H. and {Schlaufman}, Kevin C.},
        title = "{Hot Jupiters Are Destroyed by Tides While Their Host Stars Are on the Main Sequence}",
      journal = {\aj},
     keywords = {Exoplanet dynamics, Exoplanet evolution, Exoplanet systems, Exoplanets, Tidal interaction, Exoplanet tides, Hot Jupiters, 490, 491, 498, 1699, 497, 754, Astrophysics - Earth and Planetary Astrophysics, Astrophysics - Solar and Stellar Astrophysics},
         year = 2019,
        month = nov,
       volume = {158},
       number = {5},
          eid = {190},
        pages = {190},
          doi = {10.3847/1538-3881/ab3c56},
archivePrefix = {arXiv},
       eprint = {1908.06998},
 primaryClass = {astro-ph.EP},
       adsurl = {https://ui.adsabs.harvard.edu/abs/2019AJ....158..190H},
      adsnote = {Provided by the SAO/NASA Astrophysics Data System}
}

@ARTICLE{trick2016,
       author = {{Trick}, Wilma H. and {Bovy}, Jo and {Rix}, Hans-Walter},
        title = "{Action-Based Dynamical Modeling for the Milky Way Disk}",
      journal = {\apj},
     keywords = {Galaxy: disk, Galaxy: fundamental parameters, Galaxy: kinematics and dynamics, Galaxy: structure, Astrophysics - Astrophysics of Galaxies},
         year = 2016,
        month = oct,
       volume = {830},
       number = {2},
          eid = {97},
        pages = {97},
          doi = {10.3847/0004-637X/830/2/97},
archivePrefix = {arXiv},
       eprint = {1605.08601},
 primaryClass = {astro-ph.GA},
       adsurl = {https://ui.adsabs.harvard.edu/abs/2016ApJ...830...97T},
      adsnote = {Provided by the SAO/NASA Astrophysics Data System}
}

@ARTICLE{hagen2019,
       author = {{Hagen}, J.~H.~J. and {Helmi}, A. and {de Zeeuw}, P.~T. and {Posti}, L.},
        title = "{The tilt of the velocity ellipsoid in the Milky Way with Gaia DR2}",
      journal = {\aap},
     keywords = {Galaxy: kinematics and dynamics, Galaxy: disk, Astrophysics - Astrophysics of Galaxies},
         year = 2019,
        month = sep,
       volume = {629},
          eid = {A70},
        pages = {A70},
          doi = {10.1051/0004-6361/201935264},
archivePrefix = {arXiv},
       eprint = {1902.05268},
 primaryClass = {astro-ph.GA},
       adsurl = {https://ui.adsabs.harvard.edu/abs/2019A&A...629A..70H},
      adsnote = {Provided by the SAO/NASA Astrophysics Data System}
}

@ARTICLE{anguiano2020,
       author = {{Anguiano}, Borja and {Majewski}, Steven R. and {Hayes}, Christian R. and {Allende Prieto}, Carlos and {Cheng}, Xinlun and {Bidin}, Christian Moni and {Beaton}, Rachael L. and {Beers}, Timothy C. and {Minniti}, Dante},
        title = "{The Stellar Velocity Distribution Function in the Milky Way Galaxy}",
      journal = {\aj},
     keywords = {1054, 1464, 1608, Astrophysics - Astrophysics of Galaxies},
         year = 2020,
        month = jul,
       volume = {160},
       number = {1},
          eid = {43},
        pages = {43},
          doi = {10.3847/1538-3881/ab9813},
archivePrefix = {arXiv},
       eprint = {2005.14534},
 primaryClass = {astro-ph.GA},
       adsurl = {https://ui.adsabs.harvard.edu/abs/2020AJ....160...43A},
      adsnote = {Provided by the SAO/NASA Astrophysics Data System}
}
